2643 4060
534 201 992 279 AESTUS
1068 199 1732 284 MAR1T1M1.
1905 232 1990 301 75

151 352 380 410 Saeculis
406 351 575 408 mersa
600 352 655 407 in
682 354 835 407 Mare
864 349 997 427 jacet
1040 350 1142 423 (a)
1185 368 1242 407 ut
1275 355 1532 409 Turrium
1561 355 1759 412 mersae
1794 356 1949 411 Vrbis
1979 368 2094 414 ver÷

152 434 278 488 tices
305 433 359 486 in
389 448 581 506 magna
613 432 772 485 maris
798 429 1184 501 tranquillitate
1213 450 1505 506 appareant
1535 474 1552 503 ,
1593 437 1670 490 uti
1714 433 1963 490 Historici
2006 456 2096 490 no-

148 511 237 566 stri
265 525 562 566 memorant
596 507 730 582 (b)?
778 506 933 583 Quod
963 509 1259 565 niaximum
1290 511 1361 565 est
1404 530 1632 584 magnae
1672 513 1937 585 cujusdam
1966 515 2094 570 allu-

148 588 317 644 vionis
346 603 751 642 monumentum
770 626 783 640 .
826 588 1039 640 Tamen
1078 606 1224 642 mare
1247 588 1339 642 ‘ibi
1371 589 1599 643 multum
1626 589 1878 662 superiori
1907 593 2093 646 Saecu-

146 665 199 719 lo
234 683 264 718 a
289 682 428 738 pago
455 664 768 720 Catholicae
796 703 812 732 ,
852 664 942 736 qui
970 682 1129 738 prope
1158 664 1386 721 mersam
1421 667 1620 722 Vrbem
1649 667 1874 724 surrexit
1900 709 1916 738 ,
1958 688 2096 725 rece-

147 742 334 812 debat,
376 756 433 796 ut
461 744 649 797 Turris
690 740 948 815 quaedam
990 743 1349 814 Speculatoria
1390 743 1463 796 ibi
1500 744 1741 800 adversus
1782 749 1983 804 Piratas
2026 747 2095 804 ab

144 819 459 876 Alexandro
486 822 610 875 VII.
640 822 787 874 Pont.
806 821 963 874 Max.
994 820 1062 873 ad·
1084 821 1280 875 radices
1308 823 1555 877 Focariae
1585 825 1971 893 Promontorii,
2002 824 2094 880 seu

146 914 205 953 ut
234 898 387 954 hodie
418 914 642 968 vocant,
683 897 956 951 Montium
983 899 1295 954 Catholicae
1322 898 1610 955 constructa
1653 921 1748 975 per
1784 903 1934 976 plura
1960 906 2097 957 Ter-

147 994 328 1031 rarum
357 975 568 1050 jugera,
609 994 735 1049 quas
773 978 1021 1031 Aratores
1062 977 1306 1031 colebant
1336 1017 1352 1045 ,
1394 976 1607 1033 distaret
1633 1020 1648 1033 .
1697 982 1895 1034 Verum
1939 979 2096 1035 hodie

147 1058 304 1110 Mare
346 1054 419 1107 ibi
447 1054 584 1108 vires
625 1070 930 1126 recuperat,
972 1069 1028 1107 ut
1058 1056 1248 1108 Turris
1276 1055 1400 1123 illa,
1442 1056 1491 1107 8<
1517 1056 1620 1109 alia
1647 1055 1866 1111 inferior
1891 1058 1957 1109 ab
1984 1055 2097 1126 ejus

147 1133 296 1194 undis
324 1134 694 1186 concutiantur
720 1171 736 1200 ,
777 1133 827 1184 8<
853 1132 945 1184 nisi
975 1133 1347 1204 provideatur,
1390 1133 1539 1187 brevi
1567 1133 1837 1187 fortunam
1879 1134 2092 1188 vicinae

151 1211 311 1263 Vrbis
340 1208 592 1263 Conchae
634 1209 734 1262 sint
775 1207 1035 1265 subiturae
1064 1249 1077 1262 .
1123 1213 1302 1285 Qare
1333 1228 1401 1262 ex
1430 1208 1510 1261 his
1537 1211 1777 1264 omnibus
1804 1251 1819 1280 ,
1862 1223 1994 1284 quae
2037 1212 2092 1265 in

145 1287 245 1340 hoc
275 1287 486 1340 Scholio
516 1287 821 1352 retulimus,
863 1301 1083 1357 apparet
1109 1287 1257 1340 Mari
1284 1284 1454 1340 nostro
1483 1287 1798 1343 Hadriatico
1840 1290 2093 1343 Passiones

143 1365 259 1419 illas
302 1360 624 1417 secundarias
666 1362 976 1415 Fluminum
1018 1365 1304 1418 convenire
1332 1403 1347 1430 ,
1405 1364 1568 1418 Alvei
1610 1365 1803 1423 scilicet
1845 1368 2095 1421 mutatio-

145 1459 299 1508 nem,
342 1437 527 1493 saltem
571 1440 626 1492 in
666 1453 848 1510 parte,
877 1440 1279 1507 Corrofionem,
1309 1441 1359 1493 8<
1388 1442 1734 1498 Alluvionem
1760 1484 1776 1514 ,
1816 1445 1899 1499 uti
1936 1445 2097 1500 certis

143 1516 408 1591 exemplis
449 1515 1003 1590 observationibusque
1030 1518 1396 1591 probavimus·

474 1674 1231 1728 SCHOLIVM
1311 1675 1779 1730 VLTIMVM.

282 1828 329 1880 X
366 1844 469 1898 quo
511 1827 673 1882 Mare
709 1824 940 1879 nostrum
984 1846 1014 1881 a
1045 1827 1456 1885 Continentibus
1498 1828 1684 1884 Terris
1725 1828 1923 1884 recedit
1951 1869 1966 1898 ,
2008 1830 2090 1884 uti·

320 1904 384 1956 ab
426 1903 569 1958 Vrbe
598 1901 801 1972 nostra,
841 1905 892 1955 &
932 1923 962 1958 a
994 1906 1254 1959 Ravenna
1293 1924 1484 1962 revera
1525 1905 1724 1960 receffit
1750 1945 1768 1974 ,
1808 1926 2089 1981 argumen-

141 1997 323 2038 tantur
363 1980 527 2052 aliqui
567 1980 699 2031 olim
738 1978 1013 2032 cacumina
1041 1979 1452 2050 Apenninorum
1495 1981 1710 2036 tenuiffe
1744 2022 1760 2051 ,
1812 1984 1863 2036 8<
1904 1983 2089 2038 senfim

149 2056 373 2112 labendo
414 2055 501 2111 seu
529 2055 819 2112 recedendo
846 2074 908 2109 eo
935 2055 1194 2111 devenisse
1238 2057 1326 2110 ubi
1354 2077 1490 2113 nunc
1517 2058 1590 2113 est
1615 2098 1630 2128 ,
1673 2060 1907 2116 tamdem
1936 2063 1989 2114 in
2016 2063 2090 2115 ni—

143 2134 317 2188 hilum
358 2134 447 2188 vel
489 2135 544 2187 in
586 2132 837 2187 Paludem
866 2133 1099 2206 aliquam
1141 2133 1465 2189 desiturum.
1508 2138 1590 2189 Ac
1631 2154 1908 2209 propterea
1949 2142 2094 2193 Con-

142 2212 318 2283 chylia
363 2211 455 2264 illa
483 2211 690 2264 marina
715 2249 730 2278 ,
771 2229 905 2283 quae
947 2209 1132 2284 'paffim
1173 2212 1228 2264 in
1253 2213 1497 2267 omnibus
1536 2216 1811 2268 Montibus
1855 2218 2089 2289 Apenni-

138 2291 231 2358 ni,
272 2289 322 2342 &
363 2290 420 2341 in
462 2287 643 2342 nostris
671 2289 940 2356 Collibus,
982 2288 1071 2361 qui
1113 2285 1229 2342 sunt
1271 2290 1377 2362 ejus
1406 2291 1737 2364 Appendices
1765 2332 1781 2361 ,
1822 2296 2093 2366 reperiun-

143 2383 265 2433 tur,
306 2385 532 2438 quorum*
572 2366 823 2420 nonnulla
864 2364 1113 2438 superiori
1139 2367 1306 2421 Libro
1343 2370 1799 2438 memoravimus,
1840 2389 1945 2423 non
1986 2371 2088 2428 effe

141 2463 223 2500 res
251 2445 598 2512 Diluvianas,
646 2445 724 2497 uti
751 2444 1020 2498 communi
1045 2443 1156 2499 fere
1182 2446 1426 2500 omniurn
1457 2448 1712 2501 Gentium
1740 2447 1982 2503 consensu
2008 2467 2093 2503 re·

141 2537 359 2593 ceptum
388 2520 490 2588 est,
535 2522 584 2574 8<
624 2539 790 2595 nuper
816 2521 1004 2576 diserte
1030 2523 1276 2594 probavit
1302 2523 1713 2594 Woodwardus,
1755 2523 1840 2580 sed
1866 2529 2090 2582 exuvias-

140 2598 240 2653 effe
284 2598 350 2652 ab
393 2596 501 2670 ipso
541 2600 690 2652 Mari
722 2599 893 2653 nostro
918 2640 935 2669 ,
976 2599 1186 2673 quando
1225 2603 1473 2658 Monteis*
1499 2603 1614 2657 illos
1654 2603 1886 2658 alluebat
1913 2644 1929 2672 ,
1968 2605 2089 2659 reli*

143 2674 248 2729 &as
278 2714 292 2729 .
335 2675 492 2750 Qiod
533 2675 595 2730 de
626 2676 900 2731 Montibus
925 2678 1104 2731 nostris
1146 2679 1335 2735 Italiae
1378 2680 1558 2735 dicunt
1583 2720 1600 2750 ,
1641 2680 1693 2735 id
1719 2682 1780 2736 de
1809 2683 2090 2738 Montibus

141 2753 394 2808 universis
425 2753 585 2808 Orbis
612 2756 937 2824 Terrarum,
977 2756 1031 2809 in
1058 2757 1243 2828 quibus
1281 2759 1413 2813 haec
1441 2775 1784 2814 monumenta
1811 2761 2088 2814 inveniun-

141 2847 230 2886 tur
243 2828 444 2884 dielum
460 2831 674 2886 volunt.
720 2832 863 2909 Quid
881 2834 1053 2901 enim,
1072 2833 1248 2904 ajunt,
1273 2855 1399 2908 opus
1414 2836 1514 2903 est,
1543 2853 1599 2889 ut
1626 2837 1947 2909 explicemus
1961 2858 2084 2910 quo-

142 2907 298 2963 modo
341 2910 586 2964 Marinae
615 2912 897 2979 Conchae,
925 2912 1248 2966 &Vmbilici
1275 2914 1411 2969 varii
1440 2914 1493 2966 in
1521 2915 1796 2967 Montibus
1824 2918 2086 2987 reperian-

143 3003 263 3055 tur,
303 3002 544 3060 tempora
573 2989 836 3044 Noachici
863 2988 1191 3060 Cataclysmi
1221 2992 1275 3044 in
1303 2990 1539 3046 medium
1566 2990 1850 3060 adducere,
1878 2994 1964 3047 vel
1985 2996 2082 3047 Fa-

143 3065 289 3119 bulas
317 3065 671 3121 Certaldenlis
699 3068 752 3120 in
783 3066 1063 3140 Philocopo
1091 3068 1152 3123 de
1169 3072 1446 3141 Lycaone,
1487 3070 1572 3125 vel
1599 3067 1822 3143 denique
1851 3070 1965 3125 illas
1983 3073 2086 3124 Ve-

145 3143 311 3196 nusini
339 3146 492 3198 Vatis
533 3144 594 3199 de
625 3146 856 3215 ProteO,
898 3146 1031 3217 qui,
1075 3147 1236 3215 olim,
1276 3165 1333 3202 ut
1363 3146 1467 3220 ipse
1490 3148 1723 3220 loquitur
1748 3187 1763 3216 ,
1804 3150 1963 3202 Pecus
2005 3150 2085 3202 Pi-

145 3219 311 3274 scium
337 3224 446 3296 egit
475 3222 607 3277 altos
636 3221 800 3280 visere
832 3225 1082 3279 monteiS.
1130 3223 1605 3301 Qiid,.inquiunt‚
1645 3244 1771 3298 opus
1799 3225 1870 3282 est
1896 3226 2083 3279 Wood-

1411 3306 1465 3357 K
1549 3322 1577 3356 2
1834 3304 2013 3358 wardi

184 3398 272 3446 ka)
303 3396 529 3439 Bamz'ivzml.
548 3398 752 3453 Geograph.
779 3399 854 3441 Ed.
870 3401 983 3441 1682.
1039 3401 1116 3453 (b)
1146 3400 1486 3453 Rafizelaiciinzffiff.
1502 3402 1733 3441 Sit‚.Rim.·'22.
1755 3401 1781 3440 l.
1801 3417 1833 3441 z.
