<?xml version="1.0" encoding="UTF-8"?>
<!DOCTYPE html PUBLIC "-//W3C//DTD XHTML 1.0 Transitional//EN"
    "http://www.w3.org/TR/xhtml1/DTD/xhtml1-transitional.dtd">
<html xmlns="http://www.w3.org/1999/xhtml" xml:lang="en" lang="en">
 <head>
  <title>
</title>
<meta http-equiv="Content-Type" content="text/html;charset=utf-8" />
  <meta name='ocr-system' content='tesseract 3.04.00' />
  <meta name='ocr-capabilities' content='ocr_page ocr_carea ocr_par ocr_line ocrx_word'/>
</head>
<body>
  <div class='ocr_page' id='page_1' title='image "./janiplanciarimin39bian_0030.png"; bbox 0 0 2643 4060; ppageno 0'>
   <div class='ocr_carea' id='block_1_1' title="bbox 617 294 1997 372">
    <p class='ocr_par' dir='ltr' id='par_1_1' title="bbox 617 294 1997 372">
     <span class='ocr_line' id='line_1_1' title="bbox 617 294 1997 372; baseline 0.003 -8"><span class='ocrx_word' id='word_1_1' title='bbox 617 319 695 364; x_wconf 84' lang='lat'><strong>20</strong></span> <span class='ocrx_word' id='word_1_2' title='bbox 1012 294 1997 372; x_wconf 79' lang='lat' dir='ltr'><strong>DECoNcHis</strong></span> 
     </span>
    </p>
   </div>
   <div class='ocr_carea' id='block_1_2' title="bbox 513 441 2469 3443">
    <p class='ocr_par' dir='ltr' id='par_1_2' title="bbox 513 441 2468 2529">
     <span class='ocr_line' id='line_1_2' title="bbox 518 441 2459 518; baseline 0.003 -20"><span class='ocrx_word' id='word_1_3' title='bbox 518 462 741 518; x_wconf 70' lang='lat' dir='ltr'><strong>gnosum</strong></span> <span class='ocrx_word' id='word_1_4' title='bbox 770 442 993 498; x_wconf 77' lang='lat' dir='ltr'><strong>¹frustulis</strong></span> <span class='ocrx_word' id='word_1_5' title='bbox 1022 441 1319 516; x_wconf 84' lang='lat' dir='ltr'><strong>adspersum</strong></span> <span class='ocrx_word' id='word_1_6' title='bbox 1362 457 1571 497; x_wconf 87' lang='lat' dir='ltr'><strong>tantum</strong></span> <span class='ocrx_word' id='word_1_7' title='bbox 1611 442 1692 497; x_wconf 81' lang='lat' dir='ltr'><strong>his</strong></span> <span class='ocrx_word' id='word_1_8' title='bbox 1732 443 1967 497; x_wconf 79' lang='lat' dir='ltr'><strong>minimis</strong></span> <span class='ocrx_word' id='word_1_9' title='bbox 1997 442 2327 517; x_wconf 85' lang='lat' dir='ltr'><strong>Corpusculis</strong></span> <span class='ocrx_word' id='word_1_10' title='bbox 2353 448 2459 505; x_wconf 48' lang='lat' dir='ltr'><strong>sca*</strong></span> 
     </span>
     <span class='ocr_line' id='line_1_3' title="bbox 518 520 2456 593; baseline 0.003 -18"><span class='ocrx_word' id='word_1_11' title='bbox 518 538 626 588; x_wconf 90' lang='lat' dir='ltr'><strong>tet,</strong></span> <span class='ocrx_word' id='word_1_12' title='bbox 668 537 723 573; x_wconf 90' lang='lat' dir='ltr'><strong>ut</strong></span> <span class='ocrx_word' id='word_1_13' title='bbox 752 542 819 575; x_wconf 76' lang='lat' dir='ltr'><strong>ex</strong></span> <span class='ocrx_word' id='word_1_14' title='bbox 848 523 907 574; x_wconf 82' lang='lat' dir='ltr'><strong>iis</strong></span> <span class='ocrx_word' id='word_1_15' title='bbox 936 522 1151 574; x_wconf 88' lang='lat' dir='ltr'><strong>omnino</strong></span> <span class='ocrx_word' id='word_1_16' title='bbox 1180 520 1410 574; x_wconf 86' lang='lat' dir='ltr'><strong>constare</strong></span> <span class='ocrx_word' id='word_1_17' title='bbox 1439 521 1710 576; x_wconf 88' lang='lat' dir='ltr'><strong>videatur.</strong></span> <span class='ocrx_word' id='word_1_18' title='bbox 1756 522 2036 593; x_wconf 79' lang='lat' dir='ltr'><strong>Exiguitas</strong></span> <span class='ocrx_word' id='word_1_19' title='bbox 2078 524 2211 576; x_wconf 90' lang='lat' dir='ltr'><strong>item</strong></span> <span class='ocrx_word' id='word_1_20' title='bbox 2253 525 2302 576; x_wconf 77' lang='lat'><strong>8&lt;</strong></span> <span class='ocrx_word' id='word_1_21' title='bbox 2329 525 2456 581; x_wconf 82' lang='lat' dir='ltr'><strong>levi·-</strong></span> 
     </span>
     <span class='ocr_line' id='line_1_4' title="bbox 516 597 2452 672; baseline 0.003 -22"><span class='ocrx_word' id='word_1_22' title='bbox 516 613 596 652; x_wconf 75' lang='lat' dir='ltr'><strong>tas</strong></span> <span class='ocrx_word' id='word_1_23' title='bbox 622 598 810 652; x_wconf 89' lang='lat' dir='ltr'><strong>horum</strong></span> <span class='ocrx_word' id='word_1_24' title='bbox 839 598 910 653; x_wconf 79' lang='lat' dir='ltr'><strong>est</strong></span> <span class='ocrx_word' id='word_1_25' title='bbox 938 615 1086 653; x_wconf 88' lang='lat' dir='ltr'><strong>tanta</strong></span> <span class='ocrx_word' id='word_1_26' title='bbox 1129 615 1184 652; x_wconf 88' lang='lat' dir='ltr'><strong>ut</strong></span> <span class='ocrx_word' id='word_1_27' title='bbox 1216 597 1548 672; x_wconf 73' lang='lat' dir='ltr'><strong>septingenta</strong></span> <span class='ocrx_word' id='word_1_28' title='bbox 1593 600 1684 653; x_wconf 80' lang='lat' dir='ltr'><strong>vix</strong></span> <span class='ocrx_word' id='word_1_29' title='bbox 1725 616 1952 671; x_wconf 78' lang='lat' dir='ltr'><strong>granum</strong></span> <span class='ocrx_word' id='word_1_30' title='bbox 1977 617 2140 653; x_wconf 88' lang='lat' dir='ltr'><strong>unum</strong></span> <span class='ocrx_word' id='word_1_31' title='bbox 2182 601 2412 672; x_wconf 79' lang='lat' dir='ltr'>pendant</span> <span class='ocrx_word' id='word_1_32' title='bbox 2438 641 2452 656; x_wconf 89' lang='lat'><strong><em>.</em></strong></span> 
     </span>
     <span class='ocr_line' id='line_1_5' title="bbox 515 676 2456 753; baseline 0.003 -25"><span class='ocrx_word' id='word_1_33' title='bbox 515 677 729 730; x_wconf 80' lang='lat' dir='ltr'><strong>Tamen</strong></span> <span class='ocrx_word' id='word_1_34' title='bbox 756 676 954 750; x_wconf 75' lang='lat' dir='ltr'><strong>singula</strong></span> <span class='ocrx_word' id='word_1_35' title='bbox 983 678 1130 731; x_wconf 83' lang='lat' dir='ltr'><strong>nudis</strong></span> <span class='ocrx_word' id='word_1_36' title='bbox 1157 677 1316 730; x_wconf 86' lang='lat' dir='ltr'><strong>oculis</strong></span> <span class='ocrx_word' id='word_1_37' title='bbox 1345 678 1508 730; x_wconf 82' lang='lat' dir='ltr'><strong>cuivis</strong></span> <span class='ocrx_word' id='word_1_38' title='bbox 1539 692 1821 732; x_wconf 85' lang='lat' dir='ltr'><strong>cernuntur</strong></span> <span class='ocrx_word' id='word_1_39' title='bbox 1847 693 1864 746; x_wconf 79' lang='lat'>;</span> <span class='ocrx_word' id='word_1_40' title='bbox 1908 677 2036 749; x_wconf 87' lang='lat' dir='ltr'><strong>quin</strong></span> <span class='ocrx_word' id='word_1_41' title='bbox 2077 677 2112 730; x_wconf 90' lang='lat' dir='ltr'>fi</span> <span class='ocrx_word' id='word_1_42' title='bbox 2154 677 2456 753; x_wconf 81' lang='lat' dir='ltr'><strong>diffringan-</strong></span> 
     </span>
     <span class='ocr_line' id='line_1_6' title="bbox 513 754 2458 829; baseline 0.002 -22"><span class='ocrx_word' id='word_1_43' title='bbox 513 769 602 807; x_wconf 86' lang='lat' dir='ltr'><strong>tur</strong></span> <span class='ocrx_word' id='word_1_44' title='bbox 628 793 644 822; x_wconf 86' lang='lat'><strong>,</strong></span> <span class='ocrx_word' id='word_1_45' title='bbox 685 771 858 826; x_wconf 76' lang='lat' dir='ltr'><strong>partes</strong></span> <span class='ocrx_word' id='word_1_46' title='bbox 886 774 1072 809; x_wconf 82' lang='lat' dir='ltr'><strong>eorum</strong></span> <span class='ocrx_word' id='word_1_47' title='bbox 1100 754 1329 829; x_wconf 77' lang='lat' dir='ltr'><strong>singulae</strong></span> <span class='ocrx_word' id='word_1_48' title='bbox 1360 773 1621 810; x_wconf 79' lang='lat' dir='ltr'><strong>concavae</strong></span> <span class='ocrx_word' id='word_1_49' title='bbox 1650 768 1905 828; x_wconf 76' lang='lat' dir='ltr'><strong>apparent</strong></span> <span class='ocrx_word' id='word_1_50' title='bbox 1923 794 1936 807; x_wconf 89' lang='lat'><strong>.</strong></span> <span class='ocrx_word' id='word_1_51' title='bbox 1981 757 2162 811; x_wconf 88' lang='lat' dir='ltr'><strong>Tanta</strong></span> <span class='ocrx_word' id='word_1_52' title='bbox 2189 755 2260 809; x_wconf 87' lang='lat' dir='ltr'><strong>est</strong></span> <span class='ocrx_word' id='word_1_53' title='bbox 2287 756 2458 812; x_wconf 83' lang='lat' dir='ltr'><strong>divifi-</strong></span> 
     </span>
     <span class='ocr_line' id='line_1_7' title="bbox 513 831 2459 907; baseline 0.001 -21"><span class='ocrx_word' id='word_1_54' title='bbox 513 831 690 886; x_wconf 81' lang='lat' dir='ltr'><strong>bilitas</strong></span> <span class='ocrx_word' id='word_1_55' title='bbox 718 833 971 886; x_wconf 86' lang='lat' dir='ltr'><strong>materiae</strong></span> <span class='ocrx_word' id='word_1_56' title='bbox 990 871 1006 898; x_wconf 84' lang='lat'><strong>,</strong></span> <span class='ocrx_word' id='word_1_57' title='bbox 1049 848 1299 907; x_wconf 84' lang='lat' dir='ltr'><strong>tantaque</strong></span> <span class='ocrx_word' id='word_1_58' title='bbox 1330 833 1402 887; x_wconf 86' lang='lat' dir='ltr'><strong>est</strong></span> <span class='ocrx_word' id='word_1_59' title='bbox 1439 834 1518 888; x_wconf 82' lang='lat' dir='ltr'><strong>vis</strong></span> <span class='ocrx_word' id='word_1_60' title='bbox 1548 833 1817 886; x_wconf 88' lang='lat' dir='ltr'><strong>oculorum</strong></span> <span class='ocrx_word' id='word_1_61' title='bbox 1851 832 2038 905; x_wconf 79' lang='lat' dir='ltr'><strong>vulgO.</strong></span> <span class='ocrx_word' id='word_1_62' title='bbox 2083 834 2160 886; x_wconf 89' lang='lat' dir='ltr'><strong>At</strong></span> <span class='ocrx_word' id='word_1_63' title='bbox 2191 832 2322 888; x_wconf 81' lang='lat' dir='ltr'><strong>haec</strong></span> <span class='ocrx_word' id='word_1_64' title='bbox 2348 834 2459 890; x_wconf 89' lang='lat' dir='ltr'><strong>vul-</strong></span> 
     </span>
     <span class='ocr_line' id='line_1_8' title="bbox 514 909 2461 983; baseline 0.003 -22"><span class='ocrx_word' id='word_1_65' title='bbox 514 928 611 983; x_wconf 73' lang='lat' dir='ltr'><strong>gus</strong></span> <span class='ocrx_word' id='word_1_66' title='bbox 640 909 895 981; x_wconf 72' lang='lat' dir='ltr'><strong>ignavum</strong></span> <span class='ocrx_word' id='word_1_67' title='bbox 923 910 1174 978; x_wconf 87' lang='lat' dir='ltr'><strong>miratur,</strong></span> <span class='ocrx_word' id='word_1_68' title='bbox 1218 912 1437 965; x_wconf 89' lang='lat' dir='ltr'><strong>minime</strong></span> <span class='ocrx_word' id='word_1_69' title='bbox 1468 929 1594 965; x_wconf 75' lang='lat' dir='ltr'><strong>vero</strong></span> <span class='ocrx_word' id='word_1_70' title='bbox 1621 909 1826 981; x_wconf 83' lang='lat' dir='ltr'><strong>Physici</strong></span> <span class='ocrx_word' id='word_1_71' title='bbox 1868 912 1959 982; x_wconf 85' lang='lat' dir='ltr'><strong>qui</strong></span> <span class='ocrx_word' id='word_1_72' title='bbox 2000 924 2194 964; x_wconf 89' lang='lat' dir='ltr'><strong>norunt</strong></span> <span class='ocrx_word' id='word_1_73' title='bbox 2236 910 2461 979; x_wconf 78' lang='lat' dir='ltr'><strong>testante</strong></span> 
     </span>
     <span class='ocr_line' id='line_1_9' title="bbox 516 986 2460 1060; baseline 0.001 -20"><span class='ocrx_word' id='word_1_74' title='bbox 516 986 1014 1041; x_wconf 81' lang='lat' dir='ltr'><strong>Muffchenbroekio</strong></span> <span class='ocrx_word' id='word_1_75' title='bbox 1057 986 1157 1060; x_wconf 81' lang='lat' dir='ltr'><strong>(a)</strong></span> <span class='ocrx_word' id='word_1_76' title='bbox 1199 1006 1422 1059; x_wconf 82' lang='lat' dir='ltr'><strong>granum</strong></span> <span class='ocrx_word' id='word_1_77' title='bbox 1451 989 1662 1040; x_wconf 89' lang='lat' dir='ltr'><strong>unicum</strong></span> <span class='ocrx_word' id='word_1_78' title='bbox 1706 986 1779 1040; x_wconf 89' lang='lat' dir='ltr'><strong>fili</strong></span> <span class='ocrx_word' id='word_1_79' title='bbox 1816 987 2129 1056; x_wconf 80' lang='lat' dir='ltr'><strong>Bombycini</strong></span> <span class='ocrx_word' id='word_1_80' title='bbox 2169 989 2223 1040; x_wconf 84' lang='lat' dir='ltr'><strong>in</strong></span> <span class='ocrx_word' id='word_1_81' title='bbox 2265 990 2460 1059; x_wconf 84' lang='lat' dir='ltr'><strong>parteis</strong></span> 
     </span>
     <span class='ocr_line' id='line_1_10' title="bbox 516 1061 2460 1119; baseline 0.001 -1"><span class='ocrx_word' id='word_1_82' title='bbox 516 1061 637 1118; x_wconf 60' lang='lat' dir='ltr'><strong>achi</strong></span> <span class='ocrx_word' id='word_1_83' title='bbox 662 1064 811 1118; x_wconf 88' lang='lat' dir='ltr'><strong>oculo</strong></span> <span class='ocrx_word' id='word_1_84' title='bbox 839 1065 1082 1119; x_wconf 82' lang='lat' dir='ltr'><strong>vifibileis</strong></span> <span class='ocrx_word' id='word_1_85' title='bbox 1122 1065 1283 1119; x_wconf 75' lang='lat' dir='ltr'><strong>vicies</strong></span> <span class='ocrx_word' id='word_1_86' title='bbox 1312 1066 1362 1117; x_wconf 77' lang='lat'><strong>8&lt;</strong></span> <span class='ocrx_word' id='word_1_87' title='bbox 1385 1063 1557 1118; x_wconf 80' lang='lat' dir='ltr'><strong>sexies·</strong></span> <span class='ocrx_word' id='word_1_88' title='bbox 1585 1079 1811 1117; x_wconf 89' lang='lat' dir='ltr'><strong>centena</strong></span> <span class='ocrx_word' id='word_1_89' title='bbox 1837 1062 2067 1115; x_wconf 86' lang='lat' dir='ltr'><strong>millium</strong></span> <span class='ocrx_word' id='word_1_90' title='bbox 2095 1064 2305 1116; x_wconf 78' lang='lat' dir='ltr'><strong>circiter</strong></span> <span class='ocrx_word' id='word_1_91' title='bbox 2329 1064 2460 1119; x_wconf 77' lang='lat' dir='ltr'><strong>divi-</strong></span> 
     </span>
     <span class='ocr_line' id='line_1_11' title="bbox 517 1138 2462 1216; baseline 0.001 -21"><span class='ocrx_word' id='word_1_92' title='bbox 517 1142 571 1195; x_wconf 89' lang='lat' dir='ltr'><strong>di</strong></span> <span class='ocrx_word' id='word_1_93' title='bbox 613 1143 776 1214; x_wconf 81' lang='lat' dir='ltr'><strong>posse.</strong></span> <span class='ocrx_word' id='word_1_94' title='bbox 823 1143 983 1215; x_wconf 74' lang='lat' dir='ltr'><strong>Cujus</strong></span> <span class='ocrx_word' id='word_1_95' title='bbox 1013 1144 1218 1216; x_wconf 80' lang='lat' dir='ltr'><strong>generis</strong></span> <span class='ocrx_word' id='word_1_96' title='bbox 1259 1142 1321 1195; x_wconf 87' lang='lat' dir='ltr'><strong>fit</strong></span> <span class='ocrx_word' id='word_1_97' title='bbox 1364 1142 1651 1194; x_wconf 89' lang='lat' dir='ltr'><strong>minimum</strong></span> <span class='ocrx_word' id='word_1_98' title='bbox 1678 1140 1777 1194; x_wconf 88' lang='lat' dir='ltr'><strong>hoc</strong></span> <span class='ocrx_word' id='word_1_99' title='bbox 1810 1138 2222 1212; x_wconf 85' lang='lat' dir='ltr'><strong>Corpusculum,</strong></span> <span class='ocrx_word' id='word_1_100' title='bbox 2264 1158 2343 1195; x_wconf 83' lang='lat' dir='ltr'><strong>res</strong></span> <span class='ocrx_word' id='word_1_101' title='bbox 2386 1142 2462 1196; x_wconf 85' lang='lat' dir='ltr'><strong>est</strong></span> 
     </span>
     <span class='ocr_line' id='line_1_12' title="bbox 517 1217 2463 1292; baseline -0.001 -18"><span class='ocrx_word' id='word_1_102' title='bbox 517 1219 670 1274; x_wconf 83' lang='lat' dir='ltr'><strong>valde</strong></span> <span class='ocrx_word' id='word_1_103' title='bbox 699 1219 882 1274; x_wconf 89' lang='lat' dir='ltr'><strong>dubia.</strong></span> <span class='ocrx_word' id='word_1_104' title='bbox 928 1220 1015 1274; x_wconf 84' lang='lat' dir='ltr'><strong>Ad</strong></span> <span class='ocrx_word' id='word_1_105' title='bbox 1041 1239 1143 1275; x_wconf 83' lang='lat' dir='ltr'><strong>ova</strong></span> <span class='ocrx_word' id='word_1_106' title='bbox 1170 1218 1386 1292; x_wconf 89' lang='lat' dir='ltr'><strong>quidem</strong></span> <span class='ocrx_word' id='word_1_107' title='bbox 1413 1218 1670 1287; x_wconf 78' lang='lat' dir='ltr'><strong>Piscium,</strong></span> <span class='ocrx_word' id='word_1_108' title='bbox 1699 1219 2063 1282; x_wconf 90' lang='lat' dir='ltr'><strong>Cancrorum,</strong></span> <span class='ocrx_word' id='word_1_109' title='bbox 2090 1217 2463 1289; x_wconf 87' lang='lat' dir='ltr'><strong>Tellinarum,</strong></span> 
     </span>
     <span class='ocr_line' id='line_1_13' title="bbox 517 1294 2464 1370; baseline 0.001 -18"><span class='ocrx_word' id='word_1_110' title='bbox 517 1297 605 1352; x_wconf 83' lang='lat' dir='ltr'><strong>vel</strong></span> <span class='ocrx_word' id='word_1_111' title='bbox 635 1297 860 1351; x_wconf 83' lang='lat' dir='ltr'><strong>aliorum</strong></span> <span class='ocrx_word' id='word_1_112' title='bbox 885 1298 1306 1369; x_wconf 79' lang='lat' dir='ltr'><strong>Conchyliorum</strong></span> <span class='ocrx_word' id='word_1_113' title='bbox 1350 1299 1464 1370; x_wconf 84' lang='lat' dir='ltr'><strong>quis</strong></span> <span class='ocrx_word' id='word_1_114' title='bbox 1505 1295 1680 1349; x_wconf 83' lang='lat' dir='ltr'><strong>statim</strong></span> <span class='ocrx_word' id='word_1_115' title='bbox 1710 1294 1903 1348; x_wconf 84' lang='lat' dir='ltr'><strong>referat</strong></span> <span class='ocrx_word' id='word_1_116' title='bbox 1931 1334 1945 1347; x_wconf 88' lang='lat'><strong>.</strong></span> <span class='ocrx_word' id='word_1_117' title='bbox 1989 1296 2120 1347; x_wconf 87' lang='lat' dir='ltr'><strong>Non</strong></span> <span class='ocrx_word' id='word_1_118' title='bbox 2151 1295 2345 1350; x_wconf 88' lang='lat' dir='ltr'><strong>referet</strong></span> <span class='ocrx_word' id='word_1_119' title='bbox 2374 1316 2464 1353; x_wconf 82' lang='lat' dir='ltr'><strong>ve-</strong></span> 
     </span>
     <span class='ocr_line' id='line_1_14' title="bbox 515 1372 2460 1449; baseline -0.001 -21"><span class='ocrx_word' id='word_1_120' title='bbox 515 1394 576 1428; x_wconf 81' lang='lat' dir='ltr'><strong>ro</strong></span> <span class='ocrx_word' id='word_1_121' title='bbox 609 1394 807 1447; x_wconf 77' lang='lat' dir='ltr'><strong>gnavus</strong></span> <span class='ocrx_word' id='word_1_122' title='bbox 848 1377 1093 1429; x_wconf 83' lang='lat' dir='ltr'><strong>Naturae</strong></span> <span class='ocrx_word' id='word_1_123' title='bbox 1136 1376 1553 1449; x_wconf 75' lang='lat' dir='ltr'><strong>contemplator,</strong></span> <span class='ocrx_word' id='word_1_124' title='bbox 1595 1375 1684 1445; x_wconf 91' lang='lat' dir='ltr'><strong>qui</strong></span> <span class='ocrx_word' id='word_1_125' title='bbox 1710 1372 1870 1445; x_wconf 90' lang='lat' dir='ltr'><strong>probe</strong></span> <span class='ocrx_word' id='word_1_126' title='bbox 1901 1373 2049 1425; x_wconf 80' lang='lat' dir='ltr'><strong>novit</strong></span> <span class='ocrx_word' id='word_1_127' title='bbox 2076 1392 2178 1426; x_wconf 88' lang='lat' dir='ltr'><strong>ova</strong></span> <span class='ocrx_word' id='word_1_128' title='bbox 2205 1372 2460 1443; x_wconf 80' lang='lat' dir='ltr'><strong>Piscium,</strong></span> 
     </span>
     <span class='ocr_line' id='line_1_15' title="bbox 519 1451 2465 1524; baseline 0.001 -20"><span class='ocrx_word' id='word_1_129' title='bbox 519 1454 856 1505; x_wconf 86' lang='lat' dir='ltr'><strong>Cancrorum</strong></span> <span class='ocrx_word' id='word_1_130' title='bbox 881 1491 897 1520; x_wconf 92' lang='lat'><strong>,</strong></span> <span class='ocrx_word' id='word_1_131' title='bbox 939 1453 1330 1519; x_wconf 86' lang='lat' dir='ltr'><strong>Cochlearum,</strong></span> <span class='ocrx_word' id='word_1_132' title='bbox 1372 1451 1795 1521; x_wconf 85' lang='lat' dir='ltr'><strong>Conchyliorum</strong></span> <span class='ocrx_word' id='word_1_133' title='bbox 1821 1489 1839 1518; x_wconf 95' lang='lat'><strong>,</strong></span> <span class='ocrx_word' id='word_1_134' title='bbox 1876 1452 2251 1519; x_wconf 87' lang='lat' dir='ltr'><strong>Lacertarum,</strong></span> <span class='ocrx_word' id='word_1_135' title='bbox 2291 1452 2465 1524; x_wconf 73' lang='lat' dir='ltr'><strong>papii--</strong></span> 
     </span>
     <span class='ocr_line' id='line_1_16' title="bbox 514 1528 2461 1601; baseline 0.002 -20"><span class='ocrx_word' id='word_1_136' title='bbox 514 1529 719 1582; x_wconf 71' lang='lat' dir='ltr'><strong>lionum</strong></span> <span class='ocrx_word' id='word_1_137' title='bbox 737 1570 752 1597; x_wconf 92' lang='lat'><strong>,</strong></span> <span class='ocrx_word' id='word_1_138' title='bbox 794 1530 1164 1601; x_wconf 76' lang='lat' dir='ltr'><strong>Serpentium,</strong></span> <span class='ocrx_word' id='word_1_139' title='bbox 1201 1530 1253 1580; x_wconf 74' lang='grc' dir='ltr'><strong>ὃ(</strong></span> <span class='ocrx_word' id='word_1_140' title='bbox 1280 1530 1606 1601; x_wconf 90' lang='lat' dir='ltr'><strong>Repentium</strong></span> <span class='ocrx_word' id='word_1_141' title='bbox 1632 1528 1856 1600; x_wconf 85' lang='lat' dir='ltr'><strong>denique</strong></span> <span class='ocrx_word' id='word_1_142' title='bbox 1883 1528 2123 1580; x_wconf 87' lang='lat' dir='ltr'><strong>omnium</strong></span> <span class='ocrx_word' id='word_1_143' title='bbox 2149 1528 2334 1581; x_wconf 89' lang='lat' dir='ltr'><strong>mollia</strong></span> <span class='ocrx_word' id='word_1_144' title='bbox 2361 1529 2461 1584; x_wconf 84' lang='lat' dir='ltr'><strong>esse</strong></span> 
     </span>
     <span class='ocr_line' id='line_1_17' title="bbox 516 1604 2467 1679; baseline 0.001 -19"><span class='ocrx_word' id='word_1_145' title='bbox 516 1608 570 1660; x_wconf 77' lang='lat'><strong>8&lt;</strong></span> <span class='ocrx_word' id='word_1_146' title='bbox 596 1608 937 1679; x_wconf 77' lang='lat' dir='ltr'><strong>cartilaginea</strong></span> <span class='ocrx_word' id='word_1_147' title='bbox 963 1646 980 1675; x_wconf 91' lang='lat'><strong>,</strong></span> <span class='ocrx_word' id='word_1_148' title='bbox 1022 1625 1126 1659; x_wconf 90' lang='lat' dir='ltr'><strong>non</strong></span> <span class='ocrx_word' id='word_1_149' title='bbox 1153 1624 1280 1659; x_wconf 83' lang='lat' dir='ltr'><strong>vero</strong></span> <span class='ocrx_word' id='word_1_150' title='bbox 1308 1606 1533 1660; x_wconf 88' lang='lat' dir='ltr'><strong>testacea</strong></span> <span class='ocrx_word' id='word_1_151' title='bbox 1562 1645 1578 1674; x_wconf 90' lang='lat'><strong>,</strong></span> <span class='ocrx_word' id='word_1_152' title='bbox 1620 1624 1678 1659; x_wconf 89' lang='lat' dir='ltr'><strong>ut</strong></span> <span class='ocrx_word' id='word_1_153' title='bbox 1718 1604 1835 1658; x_wconf 91' lang='lat' dir='ltr'><strong>sunt</strong></span> <span class='ocrx_word' id='word_1_154' title='bbox 1875 1622 1976 1658; x_wconf 88' lang='lat' dir='ltr'><strong>ova</strong></span> <span class='ocrx_word' id='word_1_155' title='bbox 2004 1605 2369 1674; x_wconf 88' lang='lat' dir='ltr'><strong>Gallinarum,</strong></span> <span class='ocrx_word' id='word_1_156' title='bbox 2411 1607 2467 1661; x_wconf 66' lang='grc' dir='ltr'><strong>δε</strong></span> 
     </span>
     <span class='ocr_line' id='line_1_18' title="bbox 516 1682 2463 1758; baseline -0.002 -19"><span class='ocrx_word' id='word_1_157' title='bbox 516 1686 724 1740; x_wconf 73' lang='lat' dir='ltr'><strong>Avium</strong></span> <span class='ocrx_word' id='word_1_158' title='bbox 766 1686 1039 1737; x_wconf 86' lang='lat' dir='ltr'><strong>omnium.</strong></span> <span class='ocrx_word' id='word_1_159' title='bbox 1086 1687 1265 1758; x_wconf 77' lang='lat' dir='ltr'><strong>Qare</strong></span> <span class='ocrx_word' id='word_1_160' title='bbox 1307 1702 1473 1755; x_wconf 83' lang='lat' dir='ltr'><strong>quum</strong></span> <span class='ocrx_word' id='word_1_161' title='bbox 1514 1687 1755 1755; x_wconf 88' lang='lat' dir='ltr'><strong>Corpora</strong></span> <span class='ocrx_word' id='word_1_162' title='bbox 1795 1683 1927 1738; x_wconf 89' lang='lat' dir='ltr'><strong>haec</strong></span> <span class='ocrx_word' id='word_1_163' title='bbox 1971 1682 2193 1735; x_wconf 87' lang='lat' dir='ltr'><strong>rotunda</strong></span> <span class='ocrx_word' id='word_1_164' title='bbox 2237 1682 2463 1738; x_wconf 87' lang='lat' dir='ltr'><strong>testacea</strong></span> 
     </span>
     <span class='ocr_line' id='line_1_19' title="bbox 520 1759 2468 1836; baseline -0.001 -20"><span class='ocrx_word' id='word_1_165' title='bbox 520 1763 652 1830; x_wconf 67' lang='lat' dir='ltr'><strong>sint,</strong></span> <span class='ocrx_word' id='word_1_166' title='bbox 693 1777 783 1815; x_wconf 90' lang='lat' dir='ltr'><strong>aut</strong></span> <span class='ocrx_word' id='word_1_167' title='bbox 811 1779 972 1836; x_wconf 74' lang='lat' dir='ltr'><strong>genus</strong></span> <span class='ocrx_word' id='word_1_168' title='bbox 997 1779 1197 1815; x_wconf 88' lang='lat' dir='ltr'><strong>novum</strong></span> <span class='ocrx_word' id='word_1_169' title='bbox 1224 1780 1292 1814; x_wconf 84' lang='lat' dir='ltr'><strong>ex</strong></span> <span class='ocrx_word' id='word_1_170' title='bbox 1320 1762 1381 1813; x_wconf 80' lang='lat' dir='ltr'><strong>iis</strong></span> <span class='ocrx_word' id='word_1_171' title='bbox 1409 1761 1741 1814; x_wconf 85' lang='lat' dir='ltr'><strong>conflandum</strong></span> <span class='ocrx_word' id='word_1_172' title='bbox 1768 1760 1869 1825; x_wconf 85' lang='lat' dir='ltr'><strong>est,</strong></span> <span class='ocrx_word' id='word_1_173' title='bbox 1910 1775 1999 1812; x_wconf 88' lang='lat' dir='ltr'><strong>aut</strong></span> <span class='ocrx_word' id='word_1_174' title='bbox 2026 1759 2090 1814; x_wconf 88' lang='lat' dir='ltr'><strong>ad</strong></span> <span class='ocrx_word' id='word_1_175' title='bbox 2116 1760 2345 1813; x_wconf 80' lang='lat' dir='ltr'><strong>Echinos</strong></span> <span class='ocrx_word' id='word_1_176' title='bbox 2386 1780 2468 1815; x_wconf 75' lang='lat' dir='ltr'><strong>re·-</strong></span> 
     </span>
     <span class='ocr_line' id='line_1_20' title="bbox 519 1837 2466 1910; baseline -0.001 -16"><span class='ocrx_word' id='word_1_177' title='bbox 519 1838 795 1894; x_wconf 81' lang='lat' dir='ltr'><strong>ferendum</strong></span> <span class='ocrx_word' id='word_1_178' title='bbox 818 1880 834 1908; x_wconf 87' lang='lat'><strong>,</strong></span> <span class='ocrx_word' id='word_1_179' title='bbox 877 1855 932 1892; x_wconf 93' lang='lat' dir='ltr'><strong>ut</strong></span> <span class='ocrx_word' id='word_1_180' title='bbox 958 1840 1012 1893; x_wconf 87' lang='lat' dir='ltr'><strong>in</strong></span> <span class='ocrx_word' id='word_1_181' title='bbox 1043 1838 1197 1891; x_wconf 89' lang='lat' dir='ltr'><strong>titulo</strong></span> <span class='ocrx_word' id='word_1_182' title='bbox 1226 1838 1529 1891; x_wconf 85' lang='lat' dir='ltr'><strong>dubitanter</strong></span> <span class='ocrx_word' id='word_1_183' title='bbox 1557 1839 1740 1891; x_wconf 85' lang='lat' dir='ltr'><strong>afferui</strong></span> <span class='ocrx_word' id='word_1_184' title='bbox 1767 1877 1780 1890; x_wconf 90' lang='lat'><strong>.</strong></span> <span class='ocrx_word' id='word_1_185' title='bbox 1825 1840 2038 1890; x_wconf 85' lang='lat' dir='ltr'><strong>Horum</strong></span> <span class='ocrx_word' id='word_1_186' title='bbox 2079 1837 2254 1908; x_wconf 87' lang='lat' dir='ltr'><strong>aliqua</strong></span> <span class='ocrx_word' id='word_1_187' title='bbox 2295 1857 2466 1910; x_wconf 87' lang='lat' dir='ltr'><strong>parvo</strong></span> 
     </span>
     <span class='ocr_line' id='line_1_21' title="bbox 520 1914 2464 1988; baseline -0.002 -16"><span class='ocrx_word' id='word_1_188' title='bbox 520 1917 778 1972; x_wconf 75' lang='lat' dir='ltr'><strong>foramine</strong></span> <span class='ocrx_word' id='word_1_189' title='bbox 821 1917 918 1972; x_wconf 78' lang='lat' dir='ltr'><strong>effe</strong></span> <span class='ocrx_word' id='word_1_190' title='bbox 947 1915 1140 1969; x_wconf 86' lang='lat' dir='ltr'><strong>donata</strong></span> <span class='ocrx_word' id='word_1_191' title='bbox 1168 1914 1520 1988; x_wconf 75' lang='lat' dir='ltr'><strong>microscopiis</strong></span> <span class='ocrx_word' id='word_1_192' title='bbox 1554 1931 1868 1981; x_wconf 83' lang='lat' dir='ltr'><strong>cernuntur,</strong></span> <span class='ocrx_word' id='word_1_193' title='bbox 1909 1930 1966 1965; x_wconf 88' lang='lat' dir='ltr'><strong>ut</strong></span> <span class='ocrx_word' id='word_1_194' title='bbox 2007 1930 2249 1966; x_wconf 88' lang='lat' dir='ltr'><strong>notatum</strong></span> <span class='ocrx_word' id='word_1_195' title='bbox 2290 1914 2360 1968; x_wconf 86' lang='lat' dir='ltr'><strong>est</strong></span> <span class='ocrx_word' id='word_1_196' title='bbox 2406 1917 2464 1968; x_wconf 93' lang='lat' dir='ltr'><strong>in</strong></span> 
     </span>
     <span class='ocr_line' id='line_1_22' title="bbox 520 1988 2461 2066; baseline -0.001 -19"><span class='ocrx_word' id='word_1_197' title='bbox 520 1996 717 2066; x_wconf 62' lang='lat' dir='ltr'><strong>figura</strong></span> <span class='ocrx_word' id='word_1_198' title='bbox 741 1996 870 2046; x_wconf 78' lang='lat' dir='ltr'><strong>IIII.</strong></span> <span class='ocrx_word' id='word_1_199' title='bbox 900 1993 1139 2046; x_wconf 85' lang='lat' dir='ltr'><strong>Tabulae</strong></span> <span class='ocrx_word' id='word_1_200' title='bbox 1157 1997 1228 2044; x_wconf 93' lang='grc' dir='ltr'><strong>ΙΙ.</strong></span> <span class='ocrx_word' id='word_1_201' title='bbox 1259 1992 1347 2044; x_wconf 87' lang='lat' dir='ltr'><strong>sub</strong></span> <span class='ocrx_word' id='word_1_202' title='bbox 1374 1994 1554 2045; x_wconf 86' lang='lat' dir='ltr'><strong>littera</strong></span> <span class='ocrx_word' id='word_1_203' title='bbox 1583 1995 1628 2044; x_wconf 86' lang='lat' dir='ltr'>E</span> <span class='ocrx_word' id='word_1_204' title='bbox 1647 2031 1659 2042; x_wconf 91' lang='lat'><strong><em>.</em></strong></span> <span class='ocrx_word' id='word_1_205' title='bbox 1704 1995 1856 2044; x_wconf 88' lang='lat' dir='ltr'><strong>Haec</strong></span> <span class='ocrx_word' id='word_1_206' title='bbox 1884 1991 2066 2044; x_wconf 82' lang='lat' dir='ltr'><strong>littera</strong></span> <span class='ocrx_word' id='word_1_207' title='bbox 2094 1991 2144 2042; x_wconf 77' lang='lat'><strong>8&lt;</strong></span> <span class='ocrx_word' id='word_1_208' title='bbox 2173 1988 2388 2062; x_wconf 81' lang='lat' dir='ltr'><strong>sequens</strong></span> <span class='ocrx_word' id='word_1_209' title='bbox 2416 1994 2461 2045; x_wconf 88' lang='lat' dir='ltr'>F</span> 
     </span>
     <span class='ocr_line' id='line_1_23' title="bbox 521 2064 2456 2144; baseline -0.001 -20"><span class='ocrx_word' id='word_1_210' title='bbox 521 2069 875 2144; x_wconf 73' lang='lat' dir='ltr'><strong>repraesentat</strong></span> <span class='ocrx_word' id='word_1_211' title='bbox 919 2072 1158 2142; x_wconf 87' lang='lat' dir='ltr'><strong>Corpora</strong></span> <span class='ocrx_word' id='word_1_212' title='bbox 1199 2067 1295 2122; x_wconf 86' lang='lat' dir='ltr'><strong>ista</strong></span> <span class='ocrx_word' id='word_1_213' title='bbox 1335 2069 1412 2121; x_wconf 85' lang='lat' dir='ltr'><strong>uti</strong></span> <span class='ocrx_word' id='word_1_214' title='bbox 1452 2069 1611 2122; x_wconf 75' lang='lat' dir='ltr'><strong>oculis</strong></span> <span class='ocrx_word' id='word_1_215' title='bbox 1653 2069 1793 2121; x_wconf 87' lang='lat' dir='ltr'><strong>vitro</strong></span> <span class='ocrx_word' id='word_1_216' title='bbox 1833 2064 2090 2131; x_wconf 63' lang='lat' dir='ltr'><strong>instructis</strong></span> <span class='ocrx_word' id='word_1_217' title='bbox 2131 2086 2416 2122; x_wconf 81' lang='lat' dir='ltr'><strong>cernuntur</strong></span> <span class='ocrx_word' id='word_1_218' title='bbox 2441 2109 2456 2124; x_wconf 89' lang='lat'><strong>.</strong></span> 
     </span>
     <span class='ocr_line' id='line_1_24' title="bbox 521 2144 2462 2203; baseline -0.002 0"><span class='ocrx_word' id='word_1_219' title='bbox 521 2151 579 2203; x_wconf 83' lang='lat' dir='ltr'>D</span> <span class='ocrx_word' id='word_1_220' title='bbox 619 2167 746 2202; x_wconf 85' lang='lat' dir='ltr'><strong>vero</strong></span> <span class='ocrx_word' id='word_1_221' title='bbox 788 2149 865 2202; x_wconf 79' lang='lat' dir='ltr'><strong>uti</strong></span> <span class='ocrx_word' id='word_1_222' title='bbox 892 2147 1204 2202; x_wconf 83' lang='lat' dir='ltr'><strong>naturaliter</strong></span> <span class='ocrx_word' id='word_1_223' title='bbox 1229 2144 1373 2200; x_wconf 89' lang='lat' dir='ltr'><strong>sunt.</strong></span> <span class='ocrx_word' id='word_1_224' title='bbox 1417 2146 1501 2200; x_wconf 91' lang='lat' dir='ltr'><strong>De</strong></span> <span class='ocrx_word' id='word_1_225' title='bbox 1529 2146 1626 2201; x_wconf 89' lang='lat' dir='ltr'><strong>hac</strong></span> <span class='ocrx_word' id='word_1_226' title='bbox 1649 2145 1811 2199; x_wconf 88' lang='lat' dir='ltr'><strong>Testa</strong></span> <span class='ocrx_word' id='word_1_227' title='bbox 1850 2144 1983 2198; x_wconf 89' lang='lat' dir='ltr'><strong>nihil</strong></span> <span class='ocrx_word' id='word_1_228' title='bbox 2013 2144 2154 2198; x_wconf 87' lang='lat' dir='ltr'><strong>aliud</strong></span> <span class='ocrx_word' id='word_1_229' title='bbox 2181 2146 2462 2200; x_wconf 87' lang='lat' dir='ltr'><strong>dicendum</strong></span> 
     </span>
     <span class='ocr_line' id='line_1_25' title="bbox 522 2220 2467 2299; baseline -0.002 -20"><span class='ocrx_word' id='word_1_230' title='bbox 522 2224 776 2299; x_wconf 72' lang='lat' dir='ltr'><strong>superest,</strong></span> <span class='ocrx_word' id='word_1_231' title='bbox 816 2225 908 2279; x_wconf 77' lang='lat' dir='ltr'><strong>nisi</strong></span> <span class='ocrx_word' id='word_1_232' title='bbox 936 2244 1054 2280; x_wconf 86' lang='lat' dir='ltr'><strong>eam</strong></span> <span class='ocrx_word' id='word_1_233' title='bbox 1080 2224 1180 2278; x_wconf 76' lang='lat' dir='ltr'><strong>effe</strong></span> <span class='ocrx_word' id='word_1_234' title='bbox 1210 2225 1348 2277; x_wconf 78' lang='lat' dir='ltr'><strong>intus</strong></span> <span class='ocrx_word' id='word_1_235' title='bbox 1374 2241 1694 2290; x_wconf 85' lang='lat' dir='ltr'><strong>concavam,</strong></span> <span class='ocrx_word' id='word_1_236' title='bbox 1736 2222 1874 2295; x_wconf 83' lang='lat' dir='ltr'><strong>quod</strong></span> <span class='ocrx_word' id='word_1_237' title='bbox 1904 2224 1953 2275; x_wconf 76' lang='lat'><strong>8&lt;</strong></span> <span class='ocrx_word' id='word_1_238' title='bbox 1976 2220 2128 2295; x_wconf 88' lang='lat' dir='ltr'><strong>supra</strong></span> <span class='ocrx_word' id='word_1_239' title='bbox 2156 2225 2467 2297; x_wconf 74' lang='lat' dir='ltr'><strong>attigimUS,</strong></span> 
     </span>
     <span class='ocr_line' id='line_1_26' title="bbox 522 2299 2464 2376; baseline -0.002 -20"><span class='ocrx_word' id='word_1_240' title='bbox 522 2306 572 2356; x_wconf 73' lang='grc' dir='ltr'><strong>δ(</strong></span> <span class='ocrx_word' id='word_1_241' title='bbox 599 2305 653 2357; x_wconf 92' lang='lat' dir='ltr'><strong>in</strong></span> <span class='ocrx_word' id='word_1_242' title='bbox 678 2302 948 2376; x_wconf 85' lang='lat' dir='ltr'><strong>superficie</strong></span> <span class='ocrx_word' id='word_1_243' title='bbox 977 2301 1138 2355; x_wconf 87' lang='lat' dir='ltr'><strong>oculis</strong></span> <span class='ocrx_word' id='word_1_244' title='bbox 1166 2302 1383 2356; x_wconf 80' lang='lat' dir='ltr'><strong>armatis</strong></span> <span class='ocrx_word' id='word_1_245' title='bbox 1411 2299 1816 2373; x_wconf 78' lang='lat' dir='ltr'><strong>asperiusculam</strong></span> <span class='ocrx_word' id='word_1_246' title='bbox 1843 2315 2133 2372; x_wconf 67' lang='lat' dir='ltr'><strong>apparere,</strong></span> <span class='ocrx_word' id='word_1_247' title='bbox 2169 2320 2332 2374; x_wconf 87' lang='lat' dir='ltr'><strong>quare</strong></span> <span class='ocrx_word' id='word_1_248' title='bbox 2359 2320 2464 2354; x_wconf 89' lang='lat' dir='ltr'><strong>non</strong></span> 
     </span>
     <span class='ocr_line' id='line_1_27' title="bbox 524 2377 2467 2452; baseline -0.002 -17"><span class='ocrx_word' id='word_1_249' title='bbox 524 2383 798 2435; x_wconf 84' lang='lat' dir='ltr'><strong>immerito</strong></span> <span class='ocrx_word' id='word_1_250' title='bbox 840 2381 904 2433; x_wconf 86' lang='lat' dir='ltr'><strong>ad</strong></span> <span class='ocrx_word' id='word_1_251' title='bbox 946 2379 1273 2434; x_wconf 85' lang='lat' dir='ltr'><strong>Echinorum</strong></span> <span class='ocrx_word' id='word_1_252' title='bbox 1315 2397 1477 2452; x_wconf 79' lang='lat' dir='ltr'><strong>genus</strong></span> <span class='ocrx_word' id='word_1_253' title='bbox 1518 2377 1829 2433; x_wconf 80' lang='lat' dir='ltr'><strong>referretur.</strong></span> <span class='ocrx_word' id='word_1_254' title='bbox 1873 2379 2137 2430; x_wconf 88' lang='lat' dir='ltr'><strong>Ceterum</strong></span> <span class='ocrx_word' id='word_1_255' title='bbox 2176 2377 2283 2450; x_wconf 81' lang='lat' dir='ltr'><strong>ejus</strong></span> <span class='ocrx_word' id='word_1_256' title='bbox 2322 2378 2467 2433; x_wconf 82' lang='lat' dir='ltr'><strong>color</strong></span> 
     </span>
     <span class='ocr_line' id='line_1_28' title="bbox 520 2453 2151 2529; baseline -0.003 -16"><span class='ocrx_word' id='word_1_257' title='bbox 520 2474 721 2513; x_wconf 73' lang='lat' dir='ltr'><strong>terretis</strong></span> <span class='ocrx_word' id='word_1_258' title='bbox 747 2458 1053 2529; x_wconf 82' lang='lat' dir='ltr'><strong>plerumque</strong></span> <span class='ocrx_word' id='word_1_259' title='bbox 1082 2456 1183 2525; x_wconf 90' lang='lat' dir='ltr'><strong>est,</strong></span> <span class='ocrx_word' id='word_1_260' title='bbox 1225 2456 1492 2508; x_wconf 84' lang='lat' dir='ltr'><strong>interdum</strong></span> <span class='ocrx_word' id='word_1_261' title='bbox 1527 2459 1722 2522; x_wconf 76' lang='lat' dir='ltr'><strong>flavu8,</strong></span> <span class='ocrx_word' id='word_1_262' title='bbox 1761 2453 1847 2508; x_wconf 86' lang='lat' dir='ltr'><strong>vel</strong></span> <span class='ocrx_word' id='word_1_263' title='bbox 1876 2453 2151 2526; x_wconf 80' lang='lat' dir='ltr'><strong>subniger.</strong></span> 
     </span>
    </p>

    <p class='ocr_par' dir='ltr' id='par_1_3' title="bbox 524 2531 2467 2901">
     <span class='ocr_line' id='line_1_29' title="bbox 599 2531 2466 2605; baseline -0.001 -18"><span class='ocrx_word' id='word_1_264' title='bbox 599 2538 671 2589; x_wconf 88' lang='lat' dir='ltr'><strong>II.</strong></span> <span class='ocrx_word' id='word_1_265' title='bbox 715 2534 802 2589; x_wconf 85' lang='lat' dir='ltr'><strong>Ad</strong></span> <span class='ocrx_word' id='word_1_266' title='bbox 842 2535 972 2589; x_wconf 88' lang='lat' dir='ltr'><strong>haec</strong></span> <span class='ocrx_word' id='word_1_267' title='bbox 999 2537 1239 2605; x_wconf 87' lang='lat' dir='ltr'><strong>Corpora</strong></span> <span class='ocrx_word' id='word_1_268' title='bbox 1266 2532 1487 2586; x_wconf 87' lang='lat' dir='ltr'><strong>rotunda</strong></span> <span class='ocrx_word' id='word_1_269' title='bbox 1522 2572 1538 2599; x_wconf 93' lang='lat'><strong>,</strong></span> <span class='ocrx_word' id='word_1_270' title='bbox 1579 2532 1863 2586; x_wconf 81' lang='lat' dir='ltr'><strong>reseremus</strong></span> <span class='ocrx_word' id='word_1_271' title='bbox 1903 2531 1954 2583; x_wconf 76' lang='lat'><strong>8&lt;</strong></span> <span class='ocrx_word' id='word_1_272' title='bbox 1995 2531 2100 2584; x_wconf 89' lang='lat' dir='ltr'><strong>alia</strong></span> <span class='ocrx_word' id='word_1_273' title='bbox 2140 2531 2349 2601; x_wconf 53' lang='lat' dir='ltr'><strong>domam,</strong></span> <span class='ocrx_word' id='word_1_274' title='bbox 2387 2549 2466 2586; x_wconf 80' lang='lat' dir='ltr'><strong>ra-</strong></span> 
     </span>
     <span class='ocr_line' id='line_1_30' title="bbox 524 2607 2466 2684; baseline -0.004 -14"><span class='ocrx_word' id='word_1_275' title='bbox 524 2614 664 2670; x_wconf 80' lang='lat' dir='ltr'><strong>riora</strong></span> <span class='ocrx_word' id='word_1_276' title='bbox 691 2628 870 2667; x_wconf 86' lang='lat' dir='ltr'><strong>tamen</strong></span> <span class='ocrx_word' id='word_1_277' title='bbox 912 2614 961 2665; x_wconf 75' lang='lat'><strong>8&lt;</strong></span> <span class='ocrx_word' id='word_1_278' title='bbox 988 2612 1222 2666; x_wconf 77' lang='lat' dir='ltr'><strong>crassiora</strong></span> <span class='ocrx_word' id='word_1_279' title='bbox 1239 2651 1254 2679; x_wconf 89' lang='lat'><strong>,</strong></span> <span class='ocrx_word' id='word_1_280' title='bbox 1282 2630 1417 2684; x_wconf 86' lang='lat' dir='ltr'><strong>quae</strong></span> <span class='ocrx_word' id='word_1_281' title='bbox 1454 2612 1508 2663; x_wconf 91' lang='lat' dir='ltr'><strong>in</strong></span> <span class='ocrx_word' id='word_1_282' title='bbox 1535 2609 1727 2664; x_wconf 79' lang='lat' dir='ltr'><strong>Arenis</strong></span> <span class='ocrx_word' id='word_1_283' title='bbox 1752 2610 1971 2662; x_wconf 78' lang='lat' dir='ltr'><strong>Littoris</strong></span> <span class='ocrx_word' id='word_1_284' title='bbox 1997 2607 2154 2661; x_wconf 84' lang='lat' dir='ltr'><strong>nostri</strong></span> <span class='ocrx_word' id='word_1_285' title='bbox 2181 2627 2466 2664; x_wconf 88' lang='lat' dir='ltr'><strong>cernuntur</strong></span> 
     </span>
     <span class='ocr_line' id='line_1_31' title="bbox 527 2684 2467 2765; baseline -0.002 -19"><span class='ocrx_word' id='word_1_286' title='bbox 527 2711 766 2765; x_wconf 85' lang='lat' dir='ltr'><strong>quaeque</strong></span> <span class='ocrx_word' id='word_1_287' title='bbox 797 2690 962 2764; x_wconf 72' lang='lat' dir='ltr'><strong>figura</strong></span> <span class='ocrx_word' id='word_1_288' title='bbox 988 2692 1113 2742; x_wconf 87' lang='lat' dir='ltr'><strong>VII.</strong></span> <span class='ocrx_word' id='word_1_289' title='bbox 1156 2687 1383 2760; x_wconf 81' lang='lat' dir='ltr'><strong>ejusdem</strong></span> <span class='ocrx_word' id='word_1_290' title='bbox 1418 2687 1659 2743; x_wconf 81' lang='lat' dir='ltr'><strong>Tabulae</strong></span> <span class='ocrx_word' id='word_1_291' title='bbox 1701 2684 1792 2740; x_wconf 90' lang='lat' dir='ltr'><strong>sub</strong></span> <span class='ocrx_word' id='word_1_292' title='bbox 1818 2686 2010 2740; x_wconf 84' lang='lat' dir='ltr'><strong>litteris</strong></span> <span class='ocrx_word' id='word_1_293' title='bbox 2039 2687 2104 2740; x_wconf 89' lang='lat' dir='ltr'><strong>G.</strong></span> <span class='ocrx_word' id='word_1_294' title='bbox 2122 2689 2196 2741; x_wconf 91' lang='lat' dir='ltr'><strong>H.</strong></span> <span class='ocrx_word' id='word_1_295' title='bbox 2214 2689 2257 2740; x_wconf 93' lang='grc' dir='ltr'><strong>Ι.</strong></span> <span class='ocrx_word' id='word_1_296' title='bbox 2273 2690 2334 2742; x_wconf 90' lang='lat' dir='ltr'><strong>L.</strong></span> <span class='ocrx_word' id='word_1_297' title='bbox 2378 2707 2467 2746; x_wconf 82' lang='lat' dir='ltr'><strong>ex-</strong></span> 
     </span>
     <span class='ocr_line' id='line_1_32' title="bbox 526 2763 2466 2841; baseline -0.002 -17"><span class='ocrx_word' id='word_1_298' title='bbox 526 2771 674 2824; x_wconf 83' lang='lat' dir='ltr'><strong>hibet</strong></span> <span class='ocrx_word' id='word_1_299' title='bbox 702 2810 713 2822; x_wconf 95' lang='lat'><strong>.</strong></span> <span class='ocrx_word' id='word_1_300' title='bbox 757 2771 843 2822; x_wconf 90' lang='lat' dir='ltr'><strong>De</strong></span> <span class='ocrx_word' id='word_1_301' title='bbox 885 2768 1069 2841; x_wconf 75' lang='lat' dir='ltr'><strong>quibus</strong></span> <span class='ocrx_word' id='word_1_302' title='bbox 1095 2807 1112 2838; x_wconf 85' lang='lat'><strong>,</strong></span> <span class='ocrx_word' id='word_1_303' title='bbox 1153 2766 1279 2840; x_wconf 85' lang='lat' dir='ltr'><strong>quid</strong></span> <span class='ocrx_word' id='word_1_304' title='bbox 1318 2766 1416 2823; x_wconf 83' lang='lat' dir='ltr'><strong>sint</strong></span> <span class='ocrx_word' id='word_1_305' title='bbox 1441 2805 1459 2836; x_wconf 87' lang='lat'><strong>,</strong></span> <span class='ocrx_word' id='word_1_306' title='bbox 1499 2764 1643 2820; x_wconf 82' lang='lat' dir='ltr'><strong>idem</strong></span> <span class='ocrx_word' id='word_1_307' title='bbox 1684 2763 1757 2821; x_wconf 89' lang='lat' dir='ltr'><strong>est</strong></span> <span class='ocrx_word' id='word_1_308' title='bbox 1793 2764 2012 2819; x_wconf 72' lang='lat' dir='ltr'><strong>dubium</strong></span> <span class='ocrx_word' id='word_1_309' title='bbox 2053 2782 2113 2819; x_wconf 87' lang='lat' dir='ltr'><strong>ac</strong></span> <span class='ocrx_word' id='word_1_310' title='bbox 2153 2764 2216 2820; x_wconf 92' lang='lat' dir='ltr'><strong>de</strong></span> <span class='ocrx_word' id='word_1_311' title='bbox 2255 2784 2466 2839; x_wconf 87' lang='lat' dir='ltr'><strong>praece-</strong></span> 
     </span>
     <span class='ocr_line' id='line_1_33' title="bbox 527 2848 795 2901; baseline -0.007 0"><span class='ocrx_word' id='word_1_312' title='bbox 527 2848 795 2901; x_wconf 75' lang='lat' dir='ltr'><strong>dentibus,</strong></span> 
     </span>
    </p>

    <p class='ocr_par' dir='ltr' id='par_1_4' title="bbox 527 2920 2469 3386">
     <span class='ocr_line' id='line_1_34' title="bbox 606 2920 2468 3000; baseline -0.001 -22"><span class='ocrx_word' id='word_1_313' title='bbox 606 2928 708 2978; x_wconf 68' lang='lat' dir='ltr'><strong>HI.</strong></span> <span class='ocrx_word' id='word_1_314' title='bbox 755 2925 1022 3000; x_wconf 55' lang='lat' dir='ltr'><strong>Quoniam</strong></span> <span class='ocrx_word' id='word_1_315' title='bbox 1048 2922 1109 2979; x_wconf 87' lang='lat' dir='ltr'><strong>de</strong></span> <span class='ocrx_word' id='word_1_316' title='bbox 1141 2922 1357 2977; x_wconf 78' lang='lat' dir='ltr'><strong>Echinis</strong></span> <span class='ocrx_word' id='word_1_317' title='bbox 1384 2922 1568 2978; x_wconf 87' lang='lat' dir='ltr'><strong>incidit</strong></span> <span class='ocrx_word' id='word_1_318' title='bbox 1595 2920 1798 2990; x_wconf 83' lang='lat' dir='ltr'><strong>sermo,</strong></span> <span class='ocrx_word' id='word_1_319' title='bbox 1836 2921 2032 2976; x_wconf 81' lang='lat' dir='ltr'><strong>referre</strong></span> <span class='ocrx_word' id='word_1_320' title='bbox 2057 2920 2176 2976; x_wconf 82' lang='lat' dir='ltr'><strong>heic</strong></span> <span class='ocrx_word' id='word_1_321' title='bbox 2202 2920 2345 2976; x_wconf 71' lang='lat' dir='ltr'><strong>libet&#39;</strong></span> <span class='ocrx_word' id='word_1_322' title='bbox 2362 2922 2468 2976; x_wconf 84' lang='lat' dir='ltr'><strong>tria</strong></span> 
     </span>
     <span class='ocr_line' id='line_1_35' title="bbox 527 2999 2465 3075; baseline -0.003 -18"><span class='ocrx_word' id='word_1_323' title='bbox 527 3004 856 3057; x_wconf 78' lang='lat' dir='ltr'><strong>Echinorum</strong></span> <span class='ocrx_word' id='word_1_324' title='bbox 896 3021 1089 3075; x_wconf 80' lang='lat' dir='ltr'><strong>genera</strong></span> <span class='ocrx_word' id='word_1_325' title='bbox 1129 3004 1311 3075; x_wconf 82' lang='lat' dir='ltr'><strong>passim</strong></span> <span class='ocrx_word' id='word_1_326' title='bbox 1339 3003 1396 3055; x_wconf 89' lang='lat' dir='ltr'><strong>in</strong></span> <span class='ocrx_word' id='word_1_327' title='bbox 1423 3001 1593 3055; x_wconf 90' lang='lat' dir='ltr'><strong>nostro</strong></span> <span class='ocrx_word' id='word_1_328' title='bbox 1620 3002 1755 3054; x_wconf 88' lang='lat' dir='ltr'><strong>mari</strong></span> <span class='ocrx_word' id='word_1_329' title='bbox 1783 3001 2033 3072; x_wconf 88' lang='lat' dir='ltr'><strong>reperiri.</strong></span> <span class='ocrx_word' id='word_1_330' title='bbox 2076 2999 2314 3052; x_wconf 86' lang='lat' dir='ltr'><strong>Primum</strong></span> <span class='ocrx_word' id='word_1_331' title='bbox 2355 3000 2465 3071; x_wconf 89' lang='lat' dir='ltr'><strong>qui-</strong></span> 
     </span>
     <span class='ocr_line' id='line_1_36' title="bbox 531 3077 2467 3154; baseline -0.003 -20"><span class='ocrx_word' id='word_1_332' title='bbox 531 3080 651 3135; x_wconf 80' lang='lat' dir='ltr'><strong>dem</strong></span> <span class='ocrx_word' id='word_1_333' title='bbox 694 3079 830 3154; x_wconf 85' lang='lat' dir='ltr'><strong>quod</strong></span> <span class='ocrx_word' id='word_1_334' title='bbox 859 3081 1157 3135; x_wconf 78' lang='lat' dir='ltr'><strong>maximum</strong></span> <span class='ocrx_word' id='word_1_335' title='bbox 1185 3080 1286 3149; x_wconf 89' lang='lat' dir='ltr'><strong>est,</strong></span> <span class='ocrx_word' id='word_1_336' title='bbox 1327 3081 1377 3132; x_wconf 78' lang='lat'><strong>8&lt;</strong></span> <span class='ocrx_word' id='word_1_337' title='bbox 1405 3079 1692 3153; x_wconf 64' lang='lat' dir='ltr'><strong>globosum,</strong></span> <span class='ocrx_word' id='word_1_338' title='bbox 1733 3079 1783 3131; x_wconf 78' lang='lat'><strong>8&lt;</strong></span> <span class='ocrx_word' id='word_1_339' title='bbox 1823 3094 2002 3132; x_wconf 86' lang='lat' dir='ltr'><strong>tantae</strong></span> <span class='ocrx_word' id='word_1_340' title='bbox 2044 3077 2196 3129; x_wconf 79' lang='lat' dir='ltr'><strong>molis</strong></span> <span class='ocrx_word' id='word_1_341' title='bbox 2236 3077 2467 3150; x_wconf 88' lang='lat' dir='ltr'><strong>plerum-</strong></span> 
     </span>
     <span class='ocr_line' id='line_1_37' title="bbox 535 3153 2465 3231; baseline -0.001 -21"><span class='ocrx_word' id='word_1_342' title='bbox 535 3177 633 3229; x_wconf 80' lang='lat' dir='ltr'><strong>que</strong></span> <span class='ocrx_word' id='word_1_343' title='bbox 675 3175 732 3213; x_wconf 88' lang='lat' dir='ltr'><strong>ut</strong></span> <span class='ocrx_word' id='word_1_344' title='bbox 759 3160 937 3231; x_wconf 87' lang='lat' dir='ltr'><strong>Caput</strong></span> <span class='ocrx_word' id='word_1_345' title='bbox 966 3160 1281 3213; x_wconf 88' lang='lat' dir='ltr'><strong>Humanum</strong></span> <span class='ocrx_word' id='word_1_346' title='bbox 1311 3157 1672 3230; x_wconf 80' lang='lat' dir='ltr'><strong>magnitudine</strong></span> <span class='ocrx_word' id='word_1_347' title='bbox 1700 3153 1938 3228; x_wconf 86' lang='lat' dir='ltr'><strong>superet,</strong></span> <span class='ocrx_word' id='word_1_348' title='bbox 1979 3154 2220 3227; x_wconf 85' lang='lat' dir='ltr'><strong>quodque</strong></span> <span class='ocrx_word' id='word_1_349' title='bbox 2244 3170 2465 3227; x_wconf 65' lang='lat' dir='ltr'><strong>propter·</strong></span> 
     </span>
     <span class='ocr_line' id='line_1_38' title="bbox 535 3232 2469 3310; baseline -0.002 -21"><span class='ocrx_word' id='word_1_350' title='bbox 535 3235 641 3306; x_wconf 80' lang='lat' dir='ltr'><strong>ejus</strong></span> <span class='ocrx_word' id='word_1_351' title='bbox 669 3236 992 3308; x_wconf 83' lang='lat' dir='ltr'><strong>sphaericam</strong></span> <span class='ocrx_word' id='word_1_352' title='bbox 1020 3237 1242 3310; x_wconf 80' lang='lat' dir='ltr'><strong>figuram</strong></span> <span class='ocrx_word' id='word_1_353' title='bbox 1272 3235 1421 3288; x_wconf 92' lang='lat' dir='ltr'><strong>Melo</strong></span> <span class='ocrx_word' id='word_1_354' title='bbox 1448 3237 1680 3288; x_wconf 73' lang='lat' dir='ltr'><strong>marinus</strong></span> <span class='ocrx_word' id='word_1_355' title='bbox 1709 3252 1739 3286; x_wconf 88' lang='lat' dir='ltr'><strong>a</strong></span> <span class='ocrx_word' id='word_1_356' title='bbox 1765 3232 2109 3286; x_wconf 77' lang='lat' dir='ltr'><strong>Piscatoribus</strong></span> <span class='ocrx_word' id='word_1_357' title='bbox 2138 3233 2300 3305; x_wconf 76' lang='lat' dir='ltr'><strong>vulgo</strong></span> <span class='ocrx_word' id='word_1_358' title='bbox 2328 3234 2469 3286; x_wconf 88' lang='lat' dir='ltr'><strong>voci-</strong></span> 
     </span>
     <span class='ocr_line' id='line_1_39' title="bbox 536 3309 2465 3386; baseline -0.003 -18"><span class='ocrx_word' id='word_1_359' title='bbox 536 3328 708 3368; x_wconf 85' lang='lat' dir='ltr'><strong>tatur.</strong></span> <span class='ocrx_word' id='word_1_360' title='bbox 752 3315 995 3386; x_wconf 86' lang='lat' dir='ltr'><strong>Speciem</strong></span> <span class='ocrx_word' id='word_1_361' title='bbox 1024 3317 1170 3370; x_wconf 88' lang='lat' dir='ltr'><strong>enim</strong></span> <span class='ocrx_word' id='word_1_362' title='bbox 1209 3310 1546 3368; x_wconf 75' lang='lat' dir='ltr'><strong>exstrinsecus</strong></span> <span class='ocrx_word' id='word_1_363' title='bbox 1583 3309 1868 3386; x_wconf 84' lang='lat' dir='ltr'><strong>praesefert</strong></span> <span class='ocrx_word' id='word_1_364' title='bbox 1898 3311 2128 3367; x_wconf 84' lang='lat' dir='ltr'><strong>Melonis</strong></span> <span class='ocrx_word' id='word_1_365' title='bbox 2167 3310 2465 3382; x_wconf 85' lang='lat' dir='ltr'><strong>cujusda-m,</strong></span> 
     </span>
    </p>

    <p class='ocr_par' dir='ltr' id='par_1_5' title="bbox 2305 3387 2397 3443">
     <span class='ocr_line' id='line_1_40' title="bbox 2305 3387 2397 3443; baseline 0 -1"><span class='ocrx_word' id='word_1_366' title='bbox 2305 3387 2397 3443; x_wconf 79' lang='lat' dir='ltr'><strong>seu</strong></span> 
     </span>
    </p>
   </div>
   <div class='ocr_carea' id='block_1_3' title="bbox 588 3490 1852 3547">
    <p class='ocr_par' dir='ltr' id='par_1_6' title="bbox 588 3490 1852 3547">
     <span class='ocr_line' id='line_1_41' title="bbox 588 3490 1852 3547; baseline 0 -17"><span class='ocrx_word' id='word_1_367' title='bbox 588 3493 668 3541; x_wconf 76' lang='lat' dir='ltr'><strong>(a)</strong></span> <span class='ocrx_word' id='word_1_368' title='bbox 696 3490 993 3544; x_wconf 63' lang='lat' dir='ltr'><strong>Maffchenbroex</strong></span> <span class='ocrx_word' id='word_1_369' title='bbox 1012 3492 1209 3535; x_wconf 61' lang='lat' dir='ltr'><strong>Elementa</strong></span> <span class='ocrx_word' id='word_1_370' title='bbox 1229 3490 1371 3544; x_wconf 76' lang='lat' dir='ltr'><strong>Phyfic.</strong></span> <span class='ocrx_word' id='word_1_371' title='bbox 1398 3504 1480 3547; x_wconf 80' lang='lat' dir='ltr'><strong>cap,</strong></span> <span class='ocrx_word' id='word_1_372' title='bbox 1495 3506 1529 3533; x_wconf 86' lang='lat'><strong>2.</strong></span> <span class='ocrx_word' id='word_1_373' title='bbox 1556 3494 1592 3544; x_wconf 83' lang='lat'><strong>§.</strong></span> <span class='ocrx_word' id='word_1_374' title='bbox 1607 3493 1666 3533; x_wconf 88' lang='lat'><strong>26.</strong></span> <span class='ocrx_word' id='word_1_375' title='bbox 1695 3505 1803 3534; x_wconf 82' lang='lat' dir='ltr'><strong>num.</strong></span> <span class='ocrx_word' id='word_1_376' title='bbox 1818 3506 1852 3531; x_wconf 72' lang='lat' dir='ltr'><strong>z,</strong></span> 
     </span>
    </p>
   </div>
  </div>
 </body>
</html>
