2643 4060
617 236 711 324 64
996 230 1935 314 SPECIMEN

511 387 668 444 Mare
709 384 939 440 nostrum
980 385 1225 440 flantibus
1264 386 1453 440 Ventis
1482 386 1843 442 Orientalibus
1869 424 1885 454 ‚
1927 386 1977 438 &
2015 384 2456 445 Meridionalibus'*

513 466 682 537 magis
710 479 913 533 tumet,
953 483 1113 535 quam
1142 464 1388 517 flantibus
1417 465 1845 522 Occidentalibus
1867 503 1883 531 ‚
1925 463 1975 515 8<
2003 464 2411 537 Aquilonaribus
2425 484 2444 536 3

496 541 563 595 '&
604 540 752 612 hujus
778 542 852 595 rei
896 543 1030 595 ratio
1058 540 1131 595 est
1155 581 1172 610 ‚
1213 543 1336 614 quia
1364 542 1521 596 Mare
1550 544 1809 616 Superum
1837 540 2048 594 Ostium
2075 543 2234 599 habet
2265 545 2456 598 Orien-

513 619 558 672 ti
584 658 600 687 ‚
642 621 692 672 8<
718 618 1155 674 Meridionalibus
1187 619 1511 693 Regionibus
1537 623 1830 694 oppositum
1857 659 1872 687 ,
1914 638 2074 691 quare
2103 619 2139 673 fi
2169 623 2324 676 Mare
2367 640 2455 674 no-

513 695 675 751 strum
702 713 919 770 repente
952 696 1295 765 intumescat,
1337 698 1425 751 vel
1451 700 1543 752 flat
1585 701 1672 754 vel
1698 698 1852 752 instat
1881 697 2071 752 Auster
2096 739 2112 768 ‚
2154 716 2245 753 aut
2276 698 2457 753 Subso-

513 773 664 827 lanus
689 815 705 843 ,
746 775 932 846 quibus
957 778 1143 836 Ventis
1185 775 1360 848 postea
1385 775 1570 831 Pluvia
1611 778 1923 850 plerumque
1953 773 2178 831 succedit
2205 816 2219 830 .
2263 781 2327 830 In
2368 795 2457 831 no-

512 851 626 905 stris
655 853 797 906 enim
825 853 1150 924 Regionibus
1178 852 1413 906 Austrini
1447 856 1603 909 Venti
1647 857 1695 907 &
1732 854 2033 908 Orientales
2075 854 2304 909 nebulosi
2347 854 2458 927 plu-

513 930 592 984 vii
633 931 683 982 8<
708 929 980 1003 procellosi
1009 928 1124 983 sunt
1151 949 1367 1000 omneSJ.
1410 933 1762 1005 Aquilonares
1795 948 1977 985 contra
2003 932 2053 984 8<
2085 932 2458 987 Occidentales

515 1005 727 1076 sereni,
767 1008 891 1061 licet
920 1007 1188 1080 procellosi
1231 1006 1497 1062 interdum
1539 1011 1588 1062 8<
1629 1009 1722 1080 ipfi
1755 1048 1768 1063 .
1811 1011 2008 1061 Aratus
2050 1029 2257 1082 quoque
2302 1011 2461 1063 Poeta

515 1086 780 1152 GraecuS,
822 1086 911 1156 qui
941 1104 969 1138 a
997 1087 1255 1140 Cicerone
1299 1088 1353 1139 in
1379 1086 1607 1139 latinum
1633 1087 1733 1141 fuit
1765 1084 2037 1141 conversus
2081 1085 2182 1159 (a)
2223 1090 2365 1142 inter
2404 1086 2461 1139 fi-

516 1180 621 1235 gna
660 1162 825 1216 futuri
859 1164 1014 1216 Venti
1056 1165 1204 1235 ponit
1247 1163 1282 1216 fi
1326 1182 1473 1218 mare
1510 1163 1680 1218 subito
1720 1165 2031 1237 penitusque
2075 1164 2319 1218 tumescit
2345 1204 2361 1232 ,
2402 1179 2462 1218 ut

515 1238 686 1311 reipsa
727 1256 934 1293 tumere
977 1240 1131 1295 debet
1171 1243 1226 1294 in
1261 1243 1486 1296 Graecia
1527 1242 1749 1298 instante
1792 1240 2076 1294 Subsolano
2119 1241 2417 1314 Austroque
2444 1280 2462 1311 ‚

513 1319 771 1389 quoniam
801 1320 1053 1373 Graeciae
1083 1321 1260 1373 Maria
1289 1318 1478 1373 ostium
1518 1321 1568 1371 8<
1593 1319 1702 1392 ipsa
1729 1320 1808 1370 his
1835 1320 2020 1373 Ventis
2052 1319 2250 1373 habent
2275 1320 2463 1373 obver-

513 1394 568 1447 sa
594 1434 608 1446 .
652 1395 842 1448 Flante
868 1396 1137 1465 Aquilone
1165 1397 1215 1448 8<
1243 1398 1674 1452 Occidentalibus
1703 1396 1891 1449 Ventis
1919 1434 1936 1462 9
1976 1394 2012 1447 fi
2041 1395 2098 1448 hi
2137 1395 2235 1449 fint
2278 1395 2463 1468 magni

512 1471 564 1524 8<
589 1471 853 1538 violenti,
894 1486 1066 1525 tumet
1108 1471 1324 1544 quidem
1366 1473 1501 1543 apud
1543 1491 1633 1524 nos
1676 1472 1742 1524 ab
1784 1472 1936 1524 initio
1978 1473 2137 1524 Mare
2165 1511 2181 1540 ,
2221 1488 2465 1528 attamen

511 1548 687 1622 postea
715 1549 1035 1621 deprimitur
1059 1589 1076 1617 ,
1121 1566 1179 1602 ut
1208 1550 1398 1603 Brevia
1426 1547 1596 1602 multa
1637 1549 1691 1601 in
1717 1549 1923 1606 Littore
1966 1563 2089 1602 tunc
2131 1563 2420 1622 appareant
2444 1588 2464 1620 ‚

512 1626 665 1706 pulsis
691 1625 885 1681 scilicet
914 1628 967 1681 vi
997 1626 1191 1682 horum
1223 1629 1521 1685 Ventorum
1546 1627 1611 1680 ad
1639 1624 1788 1680 Ostia
1815 1625 2012 1702 Aquis„

887 1769 1772 1857 PROPOSITIO
1883 1769 2073 1839 XII.

508 1913 851 2015 Quolibet
891 1917 1178 2004 Vent0‚
1231 1916 1448 1989 modo
1504 1918 1556 1987 is
1594 1913 1678 1986 fit
1719 1915 2091 2005 violentus,
2146 1915 2215 1989 ἃς
2248 1917 2463 2015 quali-

616 2017 728 2087 bet
785 2021 985 2086 Hora
1041 2015 1372 2086 fluctuans
1429 2015 1576 2085 fieri
1630 2014 1849 2111 potest
1906 2018 2108 2086 Mare
2154 2073 2175 2108 ,
2230 2040 2462 2089 tamen

612 2120 832 2217 ipsum
865 2116 1453 2201 Flussuationibus
1488 2119 1707 2219 magis
1739 2117 2124 2190 obnoxium
2150 2139 2461 2218 tempore

616 2225 864 2302 Fluxus
901 2223 1206 2316 videtur,
1263 2250 1467 2324 quam
1511 2244 1817 2318 tempore
1851 2223 2169 2294 Refluxus
2198 2284 2211 2298 .
2270 2229 2460 2317 Qua-

615 2356 686 2398 re
718 2334 937 2418 major
976 2328 1276 2398 Malacia
1304 2384 1322 2418 ,
1377 2329 1485 2397 seu
1522 2327 2019 2425 Tranquillitas
2049 2329 2266 2398 Maris
2295 2330 2462 2405 sem-

616 2457 735 2528 per
764 2431 1053 2505 succedit
1083 2432 1255 2529 apud
1286 2459 1406 2501 nos
1444 2430 1750 2529 tempore
1788 2431 2109 2502 Refluxus
2131 2490 2151 2524 ,
2194 2433 2459 2505 Aestate

618 2534 895 2634 quidem
949 2534 1218 2606 summo
1271 2563 1468 2608 mane
1511 2591 1531 2629 ,
1601 2535 1852 2608 Hieme
1906 2562 2072 2628 vero
2133 2536 2462 2608 Occiden-

614 2659 683 2713 te
736 2639 885 2710 Sole
911 2691 929 2714 φ

1005 2806 1046 2857 ς
1125 2807 1175 2858 c
1255 2807 1319 2856 H
1387 2809 1434 2859 o
1512 2807 1560 2859 L
1638 2809 1674 2861 J
1751 2811 1805 2862 V
1871 2808 1963 2860 M.
2491 2886 2493 2888 ,

512 2914 1026 3092 QVamquam,
1068 2934 1126 2974 ut
1156 2916 1356 2974 dietum
1383 2919 1496 2976 est
1482 2941 1536 2975 m
1559 2924 1954 2997 Propofitione‚
1993 2921 2198 2976 nullum
2225 2921 2288 2976 fit
2319 2935 2455 2976 tem·-

718 3015 810 3069 pus
837 2997 1112 3052 definitum
1140 2996 1636 3070 Fluftuationibus,
1676 3004 1727 3055 8<
1767 2999 2010 3056 Procellis
2036 3002 2205 3053 Maris
2232 3039 2247 3067 ,
2290 3019 2456 3072 quum

720 3075 820 3132 hae
848 3097 879 3133 a
906 3076 1160 3132 violentia
1188 3079 1483 3133 Ventorum
1510 3080 1832 3156 potissimum
1858 3076 2168 3155 pendeant,
2210 3078 2261 3130 8(
2289 3078 2454 3209 Vlenti

2266 3174 2335 3210 nu
2357 3185 2377 3196 -

571 3267 1349 3328 (a)Aathosn0stxuser
1375 3280 1524 3329 α’μέοιομ
1547 3280 1648 3326 mio
1632 3277 1750 3322 0'1021‘25*
1751 3278 2030 3322 wewam

1098 3338 1176 3376 Γιε
1185 3335 1281 3374 σθω.
1346 3334 1441 3382 Quo
1444 3334 1703 3377 dCMceiofic
1727 3327 2340 3379 zeritinleIdeDnmat

768 3384 1168 3487 ssgtmfflls
1158 3390 1732 3493 lsbtsjvvsgft
1708 3444 1836 3495 zescz'm⁴
