2643 4060
573 226 1071 307 M1N‘vs
1184 222 1697 304 NoTis.‘
1942 234 1994 320 '9‘

147 377 601 456 'quemadmodum
642 378 692 430 8<
717 392 834 431 rota
872 376 1214 451 cognovimus
1240 396 1332 432 nos
1373 396 1557 433 eorum
1582 380 1849 434 internam
1882 376 2094 432 stru5'tu-

151 478 299 513 ram.
343 459 405 511 Id
435 476 578 512 enim
605 454 915 509 discriminis
942 455 1218 510 intercedit
1243 496 1260 524 ,
1300 471 1358 510 ut
1384 458 1658 529 peritiores
1687 455 1967 511 Naturalis
1995 458 2095 509 Hi-

148 536 336 591 storiae
366 537 651 607 Scriptores
691 549 884 586 norunt
912 551 1123 603 omneS,
1165 536 1304 590 inter
1334 533 1593 589 Cochleas
1620 533 1874 606 depressas
1904 574 1920 602 ,
1963 551 2090 606 quas

142 613 314 684 aliqui
358 613 627 665 immerito
671 613 951 664 Cornuum
979 614 1303 666 Hammonis
1343 613 1557 665 nomine
1599 611 1829 678 donant,
1870 612 1919 663 8<
1960 630 2093 665 vera

145 691 365 744 Cornua
393 690 714 742 Hammonis
742 729 758 758 ,
800 687 940 762 quod
982 688 1114 744 haec
1157 685 1477 745 extrinsecus
1518 685 1728 741 diffeffla
1771 704 2094 760 appareant,

140 767 195 820 &
223 768 390 835 intuS,
433 767 571 839 quod
599 782 754 839 caput
782 767 883 834 est,
917 767 973 819 in
1001 768 1173 821 varias
1202 765 1441 821 Cellulas
1482 763 1569 818 seu
1597 765 1950 820 loculamenta
1991 768 2091 821 {int

145 843 311 899 divisa
331 886 343 899 .
388 846 654 900 Cochleae
684 865 810 900 vero
841 845 1074 899 exterius
1117 845 1430 917 plerumque
1470 843 1676 912 laeveS,
1717 845 1766 898 8<
1797 845 1934 898 intus
1963 843 2093 899 sem-

142 939 239 994 per
280 923 494 975 unicam
538 922 786 994 spiralem
827 925 1121 977 Cameram
1162 921 1433 977 ostendant
1474 919 1766 993 numquam
1807 923 1863 974 in
1903 923 2096 993 plureis

144 1000 381 1054 Cellulas
409 998 738 1069 distin&am,
779 1017 835 1055 ut
865 1002 919 1054 in
946 1002 1085 1054 veris
1115 1001 1377 1055 Cornibus
1405 1000 1758 1067 HammoniS,
1783 996 1835 1050 8<
1861 999 1914 1051 in
1946 1001 2099 1051 Nau—

143 1076 253 1131 tilis
280 1077 470 1130 Indicis
501 1080 760 1132 cernitur.
806 1081 926 1130 Hoc
954 1079 1135 1130 Cornu
1164 1096 1325 1151 genus
1353 1078 1542 1132 vocavi
1570 1090 1847 1148 praeterea
1875 1077 2096 1130 Littoris

93 1210 96 1213 Δ
143 1155 493 1208 Ariminenfis
521 1156 968 1227 vulgatiffimum,
996 1155 1133 1226 quod
1162 1156 1368 1209 uberius
1395 1155 1451 1205 in
1479 1154 1785 1208 Sedimento
1816 1152 1985 1206 nostro
2017 1172 2094 1210 re-

143 1233 380 1305 periatur
405 1273 421 1300 ,
461 1234 508 1283 8<
538 1232 684 1301 hujus
710 1235 943 1303 primum
972 1251 1040 1284 ex
1069 1230 1310 1284 Marfilio
1354 1247 1633 1302 tamquam
1660 1230 1724 1285 de
1755 1250 1880 1286 vero
1908 1233 2094 1286 Cornu

128 1309 467 1364 ,Hammonis
520 1308 840 1362 Ariminensi
897 1309 950 1361 in
993 1307 1390 1381 elegantissimis
1433 1310 1850 1364 Commentariis
1897 1308 2093 1365 Acade-

143 1388 284 1443 miae
314 1386 543 1440 Instituti
571 1386 902 1440 Bononiensis
932 1388 1239 1442 meminerit
1272 1388 1541 1443 Beccarius
1571 1385 1701 1459 (ιι).
1747 1390 2092 1463 Quamquam

150 1480 208 1517 ut
250 1483 436 1520 verum
475 1464 646 1519 fatear
670 1465 769 1518 hoc
795 1464 924 1518 Test
928 1484 1112 1518 aceum
1157 1467 1322 1519 etiam
1364 1468 1420 1520 in
1455 1465 1772 1518 Sedimentis
1802 1465 2093 1520 multorum

144 1542 416 1595 Littorum
446 1541 604 1594 nostri
631 1543 803 1596 Maris
831 1541 1259 1609 observaverim,
1283 1541 1408 1595 licet
1436 1560 1658 1594 numero
1685 1541 1968 1594 admodum
1997 1544 2093 1596 rni-

141 1621 289 1687 nori,
316 1634 374 1672 ut
400 1637 567 1692 nuper
591 1620 646 1672 in
674 1618 963 1674 sedimento
978 1621 1197 1674 Littoris
1214 1620 1438 1673 Veneti.
1472 1621 1548 1672 At
1577 1621 1632 1671 in
1659 1617 1946 1674 sedimento
1975 1622 2094 1674 Ma-

143 1697 213 1749 ris
239 1697 424 1764 inferi,
466 1697 607 1751 utin
634 1697 1110 1765 CentumcellanO,
1152 1698 1201 1749 8<
1242 1698 1297 1750 in
1332 1695 1642 1751 Liburnenfi
1684 1696 1808 1765 ino,
1850 1715 1914 1750 ne
1943 1696 2091 1752 vesti-

143 1775 289 1846 gium
319 1774 534 1847 quidem
566 1775 717 1828 ullius
744 1778 928 1829 Cornu
956 1776 1276 1829 Hammonis
1304 1775 1413 1829 vidi
1444 1813 1457 1825 .
1503 1776 1683 1849 Qare
1727 1792 1891 1846 quum
1934 1790 2086 1831 tanta

143 1852 384 1905 ubertate
412 1851 606 1921 prostet
643 1854 698 1904 in
726 1855 931 1908 Littore
959 1851 1128 1905 nostro
1155 1891 1171 1919 ,
1212 1853 1261 1904 8<
1302 1852 1535 1923 primum
1577 1852 1694 1906 heic
1735 1849 2001 1906 detestum
2028 1853 2090 1906 sit

90 1923 93 1925 Α
132 1928 240 1980 hoc
270 1927 578 1982 admirabile
605 1929 795 1983 Testae
826 1948 1018 2001 genUS,
1047 1928 1186 2001 quod
1214 1929 1532 2000 peritiorum
1561 1929 1825 1983 Historiae
1841 1931 2089 1984 Naturae

142 2006 473 2078 Scriptorum
499 2003 814 2060 sententiam
843 2006 1151 2072 confirmat,
1194 2007 1287 2077 qui
1315 2005 1611 2061 constanter
1639 2006 1929 2060 afferebant
1959 2009 2089 2060 Cor-

139 2101 245 2137 nua
272 2083 804 2137 Hammonis'foflilia
847 2083 910 2136 ad
940 2083 1155 2136 Mariua
1183 2082 1436 2138 Testacea
1467 2123 1483 2151 ,
1523 2085 1572 2136 8<
1601 2103 1705 2138 non
1732 2085 1788 2137 in
1816 2082 1949 2137 lusus
1977 2086 2091 2138 Na-

89 2182 93 2186 ’
139 2177 295 2215 turae
337 2160 436 2215 efle
479 2160 785 2230 referenda,
826 2180 930 2215 non
957 2161 1228 2215 immerito
1259 2164 1761 2215 CornnHammonis
1787 2163 2092 2215 Ariminen-

136 2237 188 2325 se
206 2240 463 2312 primum,
497 2237 562 2292 «ΞΤ
589 2236 1011 2311 vulgatiſjimum
1039 2238 1454 2310 appellavimus.
1500 2241 1742 2293 Externa
1771 2238 1985 2311 quidem
2017 2238 2087 2292 fa-

141 2334 244 2369 cies
272 2315 421 2379 hujus
449 2314 640 2369 Testae
683 2335 751 2368 ex
794 2316 961 2387 figura
1002 2316 1242 2367 omnibus
1268 2331 1456 2388 patet.
1501 2319 1777 2371 Internam
1806 2335 1932 2370 vero
1962 2315 2008 2370 fi
1998 2335 2088 2388 gu-

139 2411 260 2446 ram
289 2392 385 2446 effe
414 2392 746 2447 Cellularem
774 2431 790 2459 ,
831 2394 884 2444 in
928 2406 1007 2445 tot
1048 2390 1242 2446 scilicet
1271 2392 1504 2447 Cellulas
1534 2433 1549 2461 ,
1591 2392 1676 2447 len
1704 2394 2088 2447 Loculamenta

137 2467 361 2523 divisam
407 2485 536 2541 quot
563 2467 680 2523 sunt
709 2468 1109 2522 Intersefiiones
1138 2470 1263 2523 illae
1293 2486 1580 2538 externae,
1622 2470 1780 2543 plana
1809 2471 2084 2525 attritione

137 2547 289 2619 super
318 2549 516 2601 Cotem
543 2587 559 2615 ,
600 2548 739 2620 quod
767 2548 937 2600 Rotae
966 2565 1127 2619 genus
1153 2546 1225 2602 est
1248 2586 1264 2615 ,
1306 2549 1563 2620 cognovi,
1606 2564 1663 2602 ut
1690 2549 1912 2602 minime
1942 2549 2086 2602 dubi-

99 2692 103 2697 ·
138 2624 360 2678 tandum
389 2625 483 2693 sit,
524 2627 651 2696 quin
681 2643 804 2681 vera
833 2626 1050 2678 Cornua
1079 2627 1403 2678 Hammonis
1429 2626 1704 2694 dicantur,
1747 2625 2086 2699 quemadmo-

92 2743 94 2745 -
137 2701 265 2755 dum
304 2700 402 2754 hoc
444 2703 656 2756 nomine
697 2702 1004 2757 donabimus
1045 2702 1249 2774 reliqua
1290 2705 1529 2776 Corpora
1570 2705 1780 2771 omnia,
1824 2723 1957 2776 quae
1989 2704 2084 2758 tali

135 2777 289 2853 pacto
332 2778 636 2833 intrinsecus
665 2819 680 2847 ,
723 2781 773 2832 8<
814 2778 1134 2834 extrinsecus
1177 2779 1505 2834 conformata
1548 2781 1646 2836 effe
1690 2783 2037 2852 cognovimus
2069 2820 2084 2849 ,

136 2875 270 2931 quae
300 2855 632 2929 sequentibus
652 2857 931 2930 Capitibus
962 2855 1337 2912 describemus.
1382 2861 1502 2911 Hoc
1545 2857 1677 2912 addo
1707 2875 1918 2912 tantum
1948 2860 2001 2911 in
2031 2858 2083 2912 fi-

136 2954 233 3004 ne,
274 2954 327 2990 os
354 2935 502 3007 hujus
529 2935 769 2990 Testacei
798 2935 896 2989 effe
929 2934 1212 2988 admodum
1240 2933 1547 3003 obscurum,
1574 2937 1949 3008 &plerumque
1980 2936 2082 2990 fra-

138 3011 280 3067 &tum
307 3053 323 3082 ,
365 3032 528 3085 quare
557 3033 662 3067 non
690 3012 809 3066 satis
838 3013 972 3066 bene
1003 3011 1120 3066 heic
1152 3010 1216 3066 ab
1244 3012 1465 3066 Artifice
1496 3013 1816 3085 expressum.
1868 3014 2076 3069 Vltima

89 3091 93 3094 ’
137 3092 280 3147 enim
309 3093 490 3145 voluta
517 3131 532 3159 ,
572 3090 659 3145 seu
701 3091 873 3163 prima
902 3092 1135 3144 Camera
1168 3089 1316 3162 supra
1358 3088 1635 3145 secundam
1666 3089 1905 3143 volutam
1936 3128 1951 3158 ,
1992 3091 2080 3144 seu

137 3170 434 3224 Cameram
474 3170 551 3222 ita
577 3172 777 3222 reflexa
806 3168 876 3222 est
905 3208 921 3237 ,
962 3183 1019 3220 ut
1048 3167 1252 3220 nullum
1292 3185 1346 3220 os
1373 3169 1614 3240 patulum
1642 3167 1907 3240 relinquat
1935 3206 1950 3235 ,
1992 3166 2079 3221 sed

138 3245 344 3300 hiatum
374 3262 582 3301 tantum
611 3245 928 3319 quemdam,
957 3243 1044 3299 seu
1072 3246 1297 3313 rimam,
1326 3263 1459 3317 quae
1486 3243 1675 3302 Testae
1703 3245 1819 3299 loco
1845 3245 1946 3297 oris
1973 3244 2073 3300 est.

1396 3324 1438 3376 Β
1761 3325 1834 3376 ΙΙ.
1877 3323 1998 3376 Hoc

150 3409 242 3461 (a)
277 3413 525 3450 Commentar.
547 3408 672 3450 Acad.
696 3408 815 3460 Iustis.
845 3412 938 3448 Bon.
961 3407 1126 3461 pag.68.
