2643 4060
422 202 906 281 AESTUS
986 198 1696 280 MARITIML
1842 204 1929 294 '65

100 351 306 412 'nullum
333 350 607 407 definitum
635 366 839 423 tempus
866 346 1106 421 surgendi
1134 348 1327 406 habere
1355 350 1637 405 videantur
1661 391 1677 420 ‚
1719 365 1899 407 tamen
1931 352 2033 425 ple-

96 449 321 504 rumque
351 429 488 504 apud
515 448 607 482 nos
633 431 788 482 Mare
821 426 879 480 fit
905 423 1158 481 flucstuans
1193 430 1241 481 8(
1268 428 1612 502 procellosum
1641 432 1806 503 magis
1835 446 2036 503 tempo·

95 527 152 562 re
181 512 408 576 Fluxus,
449 525 608 580 quam
648 522 886 578 tempore
927 506 1182 560 Refluxus
1207 546 1224 575 ,
1266 509 1564 578 quinimmo
1606 509 1660 560 in
1689 510 1863 560 Fluxu
1906 506 2034 561 sem-

99 604 225 658 per,
266 588 432 639 etiam
474 587 529 638 in
570 603 764 657 magna
806 583 1193 655 tranquillitate
1236 584 1531 656 paullulum
1573 583 1790 639 fluctuat
1836 588 1988 640 Mare
2019 626 2032 640 .

95 665 364 733 Tempore
408 682 536 717 vero
577 664 831 716 Refluxus
858 661 1093 717 Malacia
1135 661 1396 735 quaedam
1424 660 1651 716 succedit
1676 703 1693 731 ‚
1734 662 1820 717 vel
1849 661 2036 721 saltem

95 740 272 813 aliqua
299 757 503 807 motuS,
544 738 629 794 seu
657 737 1007 794 fluctuationis
1033 740 1341 795 imminutio
1368 779 1381 793 .
1426 742 1605 812 Quare
1648 740 1862 795 Aestate
1906 741 2037 795 sum-

97 836 186 872 mo
227 836 384 874 mane
428 816 563 891 apud
589 837 680 872 nos
721 816 925 890 semper
952 821 1107 873 Mare
1137 818 1208 872 est
1235 818 1580 890 tranquillum
1608 835 1624 886 3
1669 820 1868 874 Hieme
1912 839 2037 874 vero

94 895 387 951 Occidente
416 896 563 965 Sole,
590 898 651 949 iis
678 892 873 950 scilicet
900 896 1255 969 temporibUS‚
1284 897 1468 968 quibus
1496 896 1753 950 Refluxus
1784 896 1919 969 apud
1947 913 2038 951 nos

95 971 211 1029 sunt
244 974 559 1030 constantes,
602 973 912 1029 Dummodo
940 990 1123 1030 tamen
1149 976 1315 1028 Venti
1343 974 1563 1029 violenti
1603 993 1707 1027 non
1751 972 1987 1028 saeviant
2022 1011 2037 1029 .

96 1055 277 1126 Qiare
308 1072 471 1126 quum
498 1054 553 1106 in
581 1053 943 1125 Superioribus
970 1051 1169 1107 difflum
1198 1053 1259 1108 s1t
1288 1051 1471 1108 Aestus
1497 1051 1719 1122 majores
1747 1050 1861 1104 fieri
1890 1055 2041 1105 Luna

94 1148 232 1184 nova
261 1132 519 1204 plenaque
551 1170 566 1199 ,
608 1147 731 1184 tunc
760 1134 926 1186 etiam
966 1131 1190 1203 majores
1231 1128 1594 1187 fluffluationes
1635 1130 1689 1182 in
1717 1131 1875 1183 Mare
1921 1147 2039 1182 con-

96 1210 340 1281 tingunt,
381 1210 431 1261 8(
458 1210 621 1263 Venti
648 1209 870 1281 majores
897 1211 953 1262 in
978 1213 1153 1278 Aere,
1196 1209 1286 1281 qui
1317 1225 1482 1280 quum
1508 1206 1777 1260 interdum
1824 1206 1911 1260 diu
1953 1206 2046 1260 du»

93 1302 210 1340 rent
239 1285 667 1339 Flucstuationem
697 1289 863 1340 etiam
890 1303 1127 1358 tempore
1156 1288 1416 1340 Refluxus
1443 1286 1497 1339 in
1514 1287 1670 1339 Mare
1701 1283 2038 1339 conservant.

91 1363 294 1418 Fateor
319 1380 501 1416 tamen
530 1361 750 1432 majores
778 1365 980 1417 Ventos
1007 1403 1023 1432 ,
1065 1365 1389 1437 majoresque
1432 1364 1602 1418 Maris
1644 1361 2042 1417 Fluffluationes

91 1440 230 1513 apud
261 1459 350 1493 nos
379 1441 685 1513 contingere
729 1442 906 1513 paullo
948 1458 1070 1494 ante
1113 1444 1412 1495 Novilunia
1439 1481 1455 1510 ,
1496 1442 1547 1492 8(
1572 1440 1868 1496 Plenilunia
1896 1481 1913 1509 ,
1955 1439 2043 1495 vel

91 1516 204 1590 ipso
242 1518 529 1570 Novilunii
573 1518 622 1569 8(
664 1518 946 1572 Plenilunii
974 1519 1087 1587 die,
1129 1539 1290 1592 quam
1329 1518 1442 1592 post
1469 1519 1828 1572 Novilunium
1856 1520 1906 1572 8(
1932 1518 2044 1573 Ple-

93 1596 362 1649 nilunium
381 1635 397 1663 ,
442 1596 602 1649 tertia
631 1593 826 1651 scilic'et
853 1597 945 1651 illa
973 1597 1087 1665 die,
1110 1617 1213 1669 qua
1238 1598 1460 1669 majores
1488 1595 1673 1650 Aestus
1699 1597 2041 1669 contingunt.

91 1675 249 1727 Tunc
280 1673 426 1729 enim
454 1674 578 1728 licet
607 1671 810 1747 semper
836 1676 1006 1747 magis
1033 1674 1227 1732 aestuet
1254 1716 1270 1744 ‚
1312 1674 1399 1728 seu
1429 1676 1598 1748 magis
1636 1672 1952 1729 intumescat
1993 1675 2042 1726 8(

93 1749 426 1805 detumescat
460 1753 616 1809 Mare
635 1791 652 1820 ,
693 1769 876 1807 tamen
903 1771 1009 1809 non
1037 1770 1249 1807 tantum
1275 1755 1462 1807 Ventis
1489 1754 1538 1805 8(
1567 1750 1833 1806 Πυξὶὼυς
1861 1770 2043 1808 concu-

93 1830 225 1884 titur
253 1869 269 1896 ,
314 1846 572 1901 quantum
612 1846 772 1899 ante,
813 1832 863 1883 8(
905 1830 1012 1909 ipso
1053 1830 1503 1902 Conjunfflonum
1543 1832 1648 1888 Die
1676 1871 1689 1884 .
1747 1828 2044 1885 Observavi

93 1923 370 1985 praeterea
389 1911 760 1963 Barometrum
788 1907 1095 1963 instantibus
1110 1907 1583 1979 Conjunfflionibus
1611 1907 1815 1979 semper
1841 1907 1905 1961 ad
1923 1908 2046 1960 treis

96 1983 186 2041 vel
216 2002 443 2057 quatuor
468 1986 633 2036 lineas
661 1983 918 2056 deprimi.
963 1982 1181 2036 Exaffls
1209 2002 1337 2038 vero
1365 1982 1834 2054 Conjunffionibus
1861 1983 2043 2039 sensim

94 2062 151 2117 in
173 2061 447 2135 pristinum
475 2061 644 2127 redire
675 2102 688 2115 .
734 2059 899 2134 quue
928 2060 1038 2115 fere
1065 2078 1319 2134 perpetuo
1347 2061 1461 2115 fieri
1488 2061 1628 2134 apud
1654 2081 1745 2115 nos
1773 2081 1867 2134 per
1895 2063 2045 2134 quin-

100 2142 391 2214 quennium
418 2138 727 2207 observavi,
769 2155 826 2197 ut
853 2140 949 2193 vix
981 2154 1085 2193 tres
1125 2140 1212 2193 vel
1241 2155 1466 2213 quatuor
1494 2137 1904 2210 Conjunfflones
1943 2141 2044 2193 hoc

93 2233 334 2290 tempore
365 2218 429 2271 ab
457 2219 556 2271 hac
584 2217 768 2290 regula
797 2217 1159 2272 aberraverint
1188 2257 1200 2270 .
1247 2218 1306 2270 Id
1350 2236 1417 2271 an
1455 2219 1668 2272 eveniat
1710 2234 1835 2272 tunc
1864 2220 2044 2271 Attra-

95 2294 272 2349 &tione
302 2295 533 2367 quadam
559 2299 739 2349 Lunae
768 2296 816 2346 8(
843 2295 975 2347 Solis
1017 2296 1107 2367 qui
1133 2293 1330 2348 sursum
1360 2297 1559 2350 Aerem
1587 2295 1777 2351 tollant
1805 2336 1821 2365 ,
1863 2312 1920 2349 ut
1949 2296 2045 2348 mi-

93 2392 191 2428 nus
220 2375 395 2446 gravis
423 2374 545 2443 fiat,
586 2375 636 2426 8(
665 2373 1035 2445 aequilibrium
1063 2372 1201 2445 apud
1227 2391 1318 2429 nos
1351 2373 1599 2441 tollatur,
1627 2393 1788 2447 quare
1820 2373 2045 2444 majores

93 2451 260 2506 Venti
303 2470 371 2504 ex
401 2451 538 2504 Polis
580 2450 646 2505 ad
687 2469 778 2504 nos
819 2451 986 2506 veluti
1019 2453 1285 2505 confluant
1310 2492 1325 2520 ,
1366 2452 1417 2504 8(
1446 2453 1680 2521 irruant,
1723 2451 1775 2505 id
1816 2451 2045 2506 viderint

97 2530 162 2584 N
167 2529 374 2581 ewtoni
401 2526 659 2601 Discipuli
689 2568 701 2581 .
745 2528 1001 2582 Nostrum
1032 2529 1148 2584 heic
1175 2548 1281 2582 non
1309 2529 1380 2584 est
1409 2532 1675 2584 variorum
1704 2528 2046 2600 systematum

96 2603 424 2676 conjecturas
451 2608 716 2678 explicare
747 2645 763 2674 ,
804 2605 888 2661 sed
914 2607 1234 2679 potissimum
1263 2625 1454 2663 eventa
1499 2609 1669 2662 Maris
1695 2607 1852 2661 nostri
1888 2607 2044 2661 refer-

98 2703 187 2738 re.
232 2682 389 2736 Addo
431 2699 640 2737 tantum
681 2686 736 2736 in
763 2683 863 2738 fine
894 2686 943 2738 8(
973 2686 1100 2740 alios
1126 2684 1416 2740 observasse
1449 2704 1596 2740 mare
1627 2687 1681 2739 in
1709 2688 1968 2751 Refluxu,
1994 2686 2043 2739 8(

103 2779 261 2816 mane
304 2762 472 2835 magis
513 2761 859 2835 tranquillum
889 2763 988 2817 effe
1032 2782 1192 2836 quam
1221 2766 1359 2817 circa
1388 2763 1678 2818 Meridiem
1720 2765 1769 2816 8(
1812 2762 2043 2817 mediam

99 2837 371 2907 Noctem,
413 2839 463 2892 8(
485 2839 791 2894 Aristoteles
819 2857 1095 2913 praeterea
1124 2840 1246 2895 teste
1275 2842 1443 2894 Plinio
1471 2839 1571 2913 (a)
1614 2843 1902 2895 memoriae
1932 2858 2045 2912 pro-

105 2916 236 2972 didit
263 2917 466 2970 nullum
495 2918 714 2971 Animal
740 2917 832 2970 nisi
865 2917 1026 2974 Aestu
1053 2918 1327 2977 recedente
1358 2918 1622 2991 exspirare
1651 2958 1666 2985 ,
1709 2918 1845 2990 quod
1874 2939 1903 2972 a
1932 2921 2047 2971 Me-

107 2994 231 3049 dicis
274 2993 743 3050 Observationibus
785 2997 1100 3069 quotidianis
1142 2996 1484 3050 confirmatur
1511 3037 1526 3065 ,
1580 2996 1764 3069 quibus
1806 2995 2045 3050 videmus

109 3075 311 3147 Aegros
352 3073 487 3147 apud
520 3093 609 3128 nos
650 3074 969 3148 potissimum
999 3077 1222 3130 Oriente
1252 3077 1337 3129 vel
1365 3074 1606 3128 Cadente
1635 3074 1751 3127 Sole
1795 3074 2043 3141 interire,

111 3152 430 3224 temporibus
458 3149 686 3221 scilicet,
727 3153 911 3226 quibus
940 3151 1122 3207 Aestus
1147 3152 1342 3208 recedit
1361 3194 1373 3206 .
1419 3155 1556 3206 Heic
1586 3151 1943 3224 quaerendum
1969 3148 2039 3205 es-

116 3225 193 3283 set
235 3247 324 3282 cur
347 3229 445 3285 hoc
474 3231 776 3305 contingat,
817 3249 981 3304 quum
1007 3233 1163 3289 Mare
1204 3232 1254 3285 8(
1281 3233 1393 3289 Aer
1434 3246 1556 3285 tunc
1583 3231 1682 3286 fint
1708 3230 1878 3304 magis
1905 3226 2042 3283 seda-

1492 3311 1520 3364 Ι
1838 3323 1893 3368 ta
1919 3307 1970 3359 8(

166 3394 240 3445 (a)
278 3393 384 3436 Pii-a.
412 3395 508 3447 Hzst.
536 3397 632 3437 Nat.
659 3396 725 3438 lib.
741 3409 773 3437 2.
801 3409 882 3449 cap.
895 3396 958 3446 98.
