2643 4060
566 226 1691 308 MINVSNOTIS.
1914 252 1993 319 17

638 467 1361 565 CAPVT
1531 469 1618 537 X.

149 621 627 672 VERMICVLVS
676 617 878 669 SAXIS
946 625 1035 669 ET
1087 617 1345 670 LIGNIS
1398 628 1886 684 ADHAERENS,
1935 623 2108 680 Com

232 710 330 749 NV
382 697 792 748 HAMMONIS
845 705 1261 749 REFERENS.

499 947 627 1001 pora
657 969 671 996 ,
711 946 848 1000 quae
877 943 1094 1000 propter
1121 945 1408 983 externam
1439 929 1776 982 internamve
1801 925 2113 980 struffluram

497 1008 558 1059 iis
590 1004 703 1059 sunt
734 1004 1020 1060 admodum
1043 1007 1251 1076 affinia,
1284 1025 1424 1060 nunc
1448 1006 1549 1060 alia
1578 1005 1949 1077 adjungemUS,
1968 994 2111 1075 ffliae

171 1083 481 1140 exstrinsece
506 1085 722 1156 quidem
751 1086 941 1137 Cornu
971 1085 1293 1137 Hammonis
1321 1083 1714 1156 repraesentant
1742 1121 1759 1150 ,
1800 1081 1885 1134 sed
1928 1083 2114 1135 revera

159 1182 267 1217 non
298 1161 443 1230 sunt,
485 1180 648 1234 quum
678 1161 952 1215 intrinsece
985 1162 1039 1213 in
1065 1162 1259 1233 plureis
1287 1161 1498 1215 cellulas
1525 1200 1541 1228 ,
1584 1159 1720 1233 quod
1748 1159 2012 1231 peculiare
2043 1158 2114 1212 est

155 1243 209 1294 in
241 1241 505 1294 Cornibus
535 1240 865 1290 Hammonis
895 1278 908 1305 ,
950 1256 1055 1291 non
1097 1238 1402 1292 dividantur
1428 1279 1444 1307 ,
1486 1236 1770 1309 cujusmodi
1812 1236 1882 1291 est
1909 1237 2115 1291 Vermi-

157 1319 302 1372 culus
330 1316 418 1371 iste
449 1355 465 1385 ,
508 1316 598 1388 qui
638 1315 946 1387 frequenter
976 1315 1012 1367 li
1028 1317 1142 1388 gnis
1169 1317 1218 1368 ὃς
1246 1315 1381 1371 saxis
1409 1317 1600 1372 littoris
1625 1314 1781 1368 nostri
1827 1314 2113 1372 adhaerens

167 1397 457 1468 reperitur,
500 1394 694 1466 quique
726 1395 923 1466 Figura
946 1395 1102 1446 VIII.
1139 1395 1338 1448 Tab.1.
1384 1393 1505 1448 satis
1533 1410 1654 1467 apte
1681 1393 1781 1447 fuit
1809 1392 2069 1465 expressus
2097 1432 2110 1447 .

159 1476 320 1528 Hunc
348 1474 521 1539 enim,
546 1472 579 1522 fi
608 1488 888 1525 externam
907 1487 1110 1524 tantum
1138 1472 1332 1525 faciem
1360 1472 1673 1543 conspiciaS,
1700 1489 1889 1542 purum
1906 1487 2113 1542 putum-

152 1569 257 1624 que
287 1553 472 1603 Cornu
502 1550 823 1603 Hammonis
866 1549 1097 1621 appellas
1130 1589 1144 1616 ,
1188 1567 1242 1603 at
1283 1549 1317 1601 fi
1352 1550 1619 1603 internam
1649 1545 1957 1601 struffluram
1998 1566 2115 1620 per-

157 1628 354 1701 pendas
382 1667 397 1695 ,
439 1626 757 1681 sententiam
787 1643 958 1680 mutas
985 1668 997 1680 .
1045 1625 1374 1683 Exstrinsece
1405 1626 1618 1699 quidem
1663 1626 1918 1680 tortuosus
1949 1625 2020 1680 est
2061 1627 2112 1678 ὃς

160 1705 394 1772 striatus,
436 1721 492 1757 ut
521 1707 741 1758 Cornua
773 1706 1092 1758 Hammonis
1121 1707 1299 1758 onmia
1329 1723 1345 1774 5
1391 1704 1668 1758 intrinsece
1708 1723 1834 1758 vero
1865 1724 1930 1758 ex
1958 1704 2112 1758 unica

158 1799 372 1838 tantum
400 1779 574 1853 spirali
604 1801 831 1836 caverna
863 1781 935 1835 est
968 1783 1352 1852 conformatus,
1379 1798 1435 1835 ut
1465 1783 1529 1836 ad
1546 1783 1807 1854 vulgareis
1824 1780 2117 1849 CochleaS,

157 1862 211 1914 8<
239 1860 570 1912 Vermiculos
601 1860 859 1913 referatur
887 1900 898 1913 .
946 1862 1207 1913 Minimus
1235 1859 1304 1915 est
1333 1862 1420 1914 ille
1451 1862 1540 1932 qui
1565 1859 1726 1931 vulgo
1769 1860 1822 1911 in
1851 1854 2116 1912 Sedimen-

158 1953 216 1991 to
245 1935 416 1989 nostro
451 1937 712 2007 reperitur
739 1975 754 2002 ,
795 1934 880 1989 sed
909 1937 972 1989 ad
1003 1937 1127 1991 saxa
1169 1938 1218 1989 8<
1245 1937 1310 1991 ad
1337 1939 1482 2010 ligna
1509 1936 1798 1990 adhaerens
1828 1936 1931 2007 ejus
1961 1935 2114 1988 molis

164 2013 238 2069 est
266 2053 282 2082 ,
322 2015 370 2066 8<
399 2013 610 2084 majoris
652 2032 711 2066 ac
739 2012 817 2065 illi
846 2052 861 2081 ,
904 2014 993 2085 qui
1033 2014 1223 2067 litteris
1252 2016 1316 2067 M
1343 2016 1391 2067 3<
1420 2016 1481 2067 N
1526 2014 1712 2068 eadem
1742 2014 1906 2086 figura
1934 2030 2116 2066 notan-

166 2107 283 2146 tur.
330 2095 506 2144 Immo
534 2090 686 2145 hosce
714 2091 1042 2144 Vermiculos
1072 2090 1175 2146 effe
1203 2090 1431 2163 ejusdem
1459 2094 1665 2165 generis
1694 2093 1950 2159 arbitror,
1993 2110 2052 2146 ac
2078 2091 2115 2144 ii

168 2171 260 2243 qui
293 2169 356 2222 ad
384 2169 693 2242 pollicarem
723 2169 1003 2223 crassitiem
1026 2167 1367 2238 excrescunt,
1412 2172 1605 2243 quique
1637 2188 1799 2242 quum
1815 2168 2116 2242 serpentum

171 2248 227 2300 in
270 2265 480 2300 morem
523 2247 620 2299 sint
663 2247 930 2299 convoluti
971 2266 1067 2318 pro
1119 2246 1443 2319 serpentibus
1468 2245 1771 2320 petrefaffis
1813 2265 2113 2302 marmorea

174 2322 427 2397 serpentis
453 2323 585 2378 facie
615 2322 786 2377 affiEIa
813 2324 878 2375 ab
906 2323 1273 2396 Impostoribus
1300 2325 1768 2378 circumferuntur.

245 2405 317 2454 II.
362 2403 609 2455 Navium
637 2400 999 2469 Teredinem,
1042 2421 1175 2474 quae
1210 2401 1439 2474 ipsarum
1470 2401 1541 2455 est
1567 2402 1717 2475 pestis
1745 2404 1794 2455 8<
1822 2403 2116 2475 Lignorum

164 2480 405 2532 omnium
423 2519 439 2547 ,
467 2497 601 2551 quae
619 2479 682 2532 ad
699 2480 930 2532 marinos
950 2477 1133 2532 fiucstus
1162 2479 1562 2553 compescendos
1591 2480 1925 2549 adhibemus,
1955 2499 2116 2553 quam

161 2559 417 2609 Brumam
446 2572 601 2610 vocat
633 2557 974 2611 Vallisnerius
1000 2597 1017 2625 ,
1059 2557 1120 2612 de
1164 2577 1268 2630 qua
1311 2573 1389 2611 tot
1432 2577 1666 2613 rumores
1707 2559 2114 2632 percrebuerant

165 2632 515 2705 superioribus
558 2636 705 2688 annis
746 2636 800 2688 in
829 2637 1052 2689 Batavia
1094 2652 1313 2708 propter
1354 2636 1556 2709 ligneos
1587 2656 1804 2710 aggeres
1845 2637 1986 2691 illeic
2029 2655 2118 2690 ex-

165 2709 270 2765 esos
294 2750 309 2778 ,
354 2729 516 2783 genus
544 2712 733 2766 itidem
761 2711 911 2783 hujus
941 2715 1222 2767 vermiculi
1248 2713 1347 2768 esse
1379 2715 1631 2768 arbitror.
1665 2717 1817 2768 Nam
1846 2714 1879 2767 si
1909 2717 1957 2765 V
1963 2714 2117 2767 ermi⁶

165 2790 314 2842 culus
343 2789 408 2842 ad
437 2789 562 2844 saxa
581 2830 596 2857 ,
645 2792 694 2843 8<
722 2789 785 2843 ad
812 2792 957 2862 ligna
983 2790 1193 2845 duriora
1219 2789 1557 2846 adhaerescat
1585 2833 1600 2861 ,
1643 2787 1977 2847 convolvitur
2007 2793 2115 2863 qui·-

165 2866 286 2922 dem
316 2886 376 2921 ac
409 2867 726 2940 deprimitur
753 2908 769 2936 ,
815 2870 893 2921 uti
919 2870 972 2921 in
1002 2868 1180 2942 figuris
1210 2868 1391 2921 nostris
1418 2869 1678 2923 cernitur.
1724 2872 1776 2923 Si
1805 2889 1931 2923 vero
1972 2870 2116 2942 ligna

163 2945 411 3000 molliora
441 2947 789 3001 momorderit
820 2986 836 3014 ,
883 2965 1047 3018 eaque
1078 2947 1372 3018 penetrarit
1392 2986 1407 3013 ,
1437 2947 1676 3001 canalem
1708 2946 1989 3001 testaceum
2032 2947 2118 3000 ob-

167 3023 392 3097 longum
419 3023 511 3076 fibi
537 3023 792 3092 fabricat,
833 3025 924 3096 qui
954 3023 990 3075 s1
1020 3043 1199 3079 recens
1226 3024 1317 3092 sit,
1345 3040 1402 3077 ut
1431 3025 1484 3076 in
1511 3025 1788 3092 Navibus,
1817 3028 2042 3092 Bruma,
2069 3026 2118 3077 ἃ

171 3102 384 3156 Teredo
415 3103 620 3155 marina
649 3119 1006 3174 nuncupatur.
1051 3103 1104 3155 Si
1134 3121 1258 3156 vero
1285 3102 1372 3154 diu
1401 3119 1646 3170 maneat,
1676 3119 1731 3155 ut
1768 3103 1820 3154 in
1848 3102 2003 3174 lignis
2029 3121 2118 3175 pu-

169 3180 318 3234 tridis
347 3182 402 3233 in
432 3179 593 3233 fundo
624 3182 793 3233 Maris
821 3179 1130 3252 degentibus
1158 3178 1374 3246 accidit,
1405 3181 1459 3232 in
1488 3182 1745 3233 Vermem
1773 3180 2015 3252 ampliori
2046 3198 2115 3234 te·

168 3255 241 3309 sta
274 3259 322 3309 8<
349 3257 544 3312 duriori
572 3257 799 3311 facessit.
845 3256 1141 3312 Observavi
1170 3259 1311 3311 enim
1332 3257 1396 3309 ¹in
1429 3257 1650 3312 Tabulis
1679 3259 1956 3325 Navium,
1983 3258 2031 3309 8<
2060 3259 2114 3311 in

168 3335 348 3408 Lignis
378 3335 521 3395 nulla
550 3355 605 3392 re
648 3334 896 3392 testaceos
933 3335 1245 3391 canaliculos
1283 3337 1597 3392 Brumarum
1641 3337 1689 3389 8<
1721 3336 1999 3393 Vermium
2039 3336 2114 3388 in-

1590 3415 1639 3467 C
1957 3428 2037 3465 ter

149 853 192 905 I.
232 848 702 1040 Hchsque
732 866 857 904 vera
871 850 1086 902 Cornua
1102 850 1434 905 Hammonis
1461 847 1845 922 descripsimUS,
1871 848 1955 903 vel
1975 849 2106 904 Cor-
