2643 4060
503 196 987 275 AESTUS
1067 193 1780 273 MAR1T1M1.
1928 197 2013 292 63

274 343 536 446 Aquilo
575 362 811 414 contra
838 396 857 432 ,
910 338 979 413 δε
1009 339 1277 410 Circius
1317 340 1369 411 fi
1395 341 1682 413 violenti
1716 340 1849 412 sint
1877 338 1946 416 δε
1973 341 2118 414 diu-

273 450 457 519 turni
490 475 675 520 mare
711 445 1100 544 deprimunt
1125 501 1145 537 ,
1198 444 1267 520 ὅῑ
1303 450 1526 545 Syrtes
1571 446 1941 548 Breviaque
1978 472 2119 530 ina÷

273 556 418 641 jora
450 553 626 651 apud
665 578 785 622 nos
819 551 1203 649 producunt
1226 602 1244 621 .

654 736 1614 791 SCHOLIVM.

311 878 585 952 Ropofitio
612 878 743 936 haec
780 876 1092 954 quibusdam
1133 879 1184 931 8<
1219 877 1435 952 quidem
1476 880 1684 952 magnis
1711 879 1854 934 Viris
1891 877 2003 934 visa
2042 878 2117 934 est

342 956 592 1026 absurda,
634 960 791 1015 Mare
836 957 1030 1011 scilicet
1074 959 1368 1012 Ventorum
1414 958 1673 1028 majorum
1713 958 1770 1011 vi
1812 976 1916 1010 non
1957 956 2116 1011 valde

156 1036 395 1102 mutari,
422 1036 455 1088 fi
488 1035 685 1091 aestum
716 1035 862 1091 suum
888 1033 1301 1090 confideremus·
1331 1038 1546 1091 Tamen
1569 1035 1834 1089 verissima
1861 1033 1962 1102 est,
1989 1051 2117 1088 nam

150 1131 232 1167 -ex
261 1112 546 1181 mensuriS,
575 1116 760 1188 quibus
792 1131 1031 1187 tempore
1060 1115 1320 1186 majorum
1334 1116 1667 1180 Ventorum,
1694 1111 2117 1166 &Procellarum

160 1191 218 1244 in
245 1192 406 1246 Portu
433 1193 604 1246 nostro
647 1195 838 1266 pluries
880 1192 950 1244 usi
993 1190 1164 1245 sumus
1192 1231 1209 1260 ‚
1251 1192 1594 1264 cognovimus
1635 1192 1794 1244 Mare
1836 1208 1941 1244 non
1984 1188 2117 1242 mul-

161 1284 280 1321 tum
322 1284 447 1321 tunc
488 1269 764 1322 ascendisse
797 1307 813 1335 ,
867 1268 954 1321 seu
1008 1287 1112 1321 non
1155 1269 1387 1322 multum
1429 1267 1623 1323 statum
1663 1266 1811 1322 suum
1851 1267 2070 1323 mutasse
2097 1306 2115 1335 ,

153 1355 321 1418 'quem
348 1347 498 1400 Luna
526 1343 768 1418 praesens
797 1345 934 1398 illius
962 1348 1214 1418 temporis
1240 1347 1443 1403 ferebat
1468 1386 1482 1400 .
1526 1350 1705 1424 Qare
1733 1346 1770 1399 si
1796 1349 1947 1400 Luna
1989 1359 2114 1400 tunc

157 1421 330 1476 fuisset
366 1424 420 1476 in
452 1423 833 1498 QuadraturiS,
874 1442 978 1475 non
1006 1425 1249 1477 elevatae
1290 1426 1338 1475 &
1366 1440 1631 1479 tumentes
1653 1464 1669 1493 ,
1708 1422 1795 1478 sed
1838 1425 1976 1478 imae
2019 1423 2114 1478 hu-

157 1500 420 1572 milesque
450 1501 797 1555 cernebantur
831 1502 1022 1572 Aquae
1044 1541 1058 1554 .
1100 1502 1265 1556 Ratio
1291 1500 1497 1572 hujusce
1537 1505 1614 1556 rei
1654 1501 1724 1555 est
1752 1540 1769 1569 ,
1809 1502 1946 1574 quod
1973 1503 2115 1556 Ven-

155 1579 202 1633 ti
231 1577 392 1631 nostri
435 1594 491 1632 ut
520 1595 575 1632 ut
606 1581 786 1652 magni
814 1579 864 1631 8(
894 1578 1116 1631 violenti
1143 1577 1259 1632 sunt
1286 1577 1492 1653 semper
1519 1580 1655 1634 mari
1682 1578 1852 1633 nostro
1879 1579 2114 1634 acciden-

155 1655 321 1724 tale5‚
362 1674 533 1728 neque
576 1657 804 1714 cauffam
846 1656 999 1710 illam
1040 1657 1343 1730 generalem
1372 1697 1388 1726 ‚
1427 1677 1563 1730 quae
1593 1677 1623 1712 a
1650 1657 1944 1729 Systemate
1988 1656 2115 1710 Vni·

155 1732 292 1788 versi
335 1734 526 1805 pendet
571 1735 752 1791 valent
795 1736 1153 1791 interturbare
1181 1776 1193 1789 .
1252 1739 1430 1812 Qare
1474 1736 1600 1790 dum
1643 1738 1799 1791 Mare
1843 1734 1984 1788 aestu
2025 1734 2114 1788 suo

154 1812 397 1884 procedit
425 1810 696 1884 superficie
727 1813 940 1886 quidem
972 1830 1122 1867 tenus
1148 1817 1336 1870 Ventis
1365 1813 1646 1884 majoribus
1685 1812 1941 1885 crispatur
1964 1851 1981 1881 ‚
2026 1811 2114 1866 seu

152 1885 410 1955 fluffluat,
452 1888 537 1943 sed
581 1909 611 1944 a
653 1892 801 1944 cursu
829 1890 916 1943 suo
959 1893 1196 1960 generali
1239 1911 1345 1944 non
1375 1892 1724 1958 dimovetur3
1768 1888 2110 1961 quemadmo-

153 1965 281 2021 dum
310 1969 419 2019 Leo
447 1966 482 2019 fi
511 1980 724 2034 currat,
764 1964 927 2019 Venti
969 1965 1185 2037 quidem
1228 1967 1416 2039 Jubam
1444 2005 1461 2035 ,
1502 1967 1553 2019 8<
1579 1967 1714 2021 Pilos
1754 1965 1978 2039 crispare
2007 2007 2022 2034 ‚
2062 1968 2115 2020 8<

153 2043 429 2099 dimovere
456 2044 757 2117 paullulum
782 2042 1019 2117 possunt,
1060 2062 1092 2097 a
1118 2044 1265 2097 cursu
1293 2060 1475 2097 tamen
1502 2043 1589 2098 suo
1617 2047 1811 2098 Feram
1838 2045 2113 2116 detorque-

150 2140 210 2177 re
250 2140 354 2175 non
386 2123 615 2191 valent3
659 2122 748 2177 vel
791 2121 978 2175 melius
1021 2120 1086 2175 ad
1128 2140 1243 2178 rem
1285 2122 1512 2176 nostram
1538 2162 1554 2191 ,
1597 2123 1631 2176 fi
1661 2123 1931 2176 Tabulam
1973 2124 2114 2194 pica-

151 2214 266 2256 tam
285 2239 302 2265 ,
343 2217 434 2255 aut
461 2218 672 2256 ceream
700 2200 1017 2266 habeamuS,
1044 2219 1161 2254 eam
1193 2199 1409 2272 quidem
1437 2202 1612 2254 calore
1642 2219 1824 2254 manus
1852 2198 2109 2272 crispare,

155 2275 247 2340 seu
276 2278 425 2331 sulcis
453 2278 767 2351 quibusdam
797 2296 1058 2332 excavare
1086 2278 1346 2351 poffumus
1371 2317 1388 2346 ,
1431 2279 1695 2332 invariato
1726 2296 1907 2333 tamen
1948 2276 2109 2331 fundo

156 2356 401 2411 Tabulae
446 2358 500 2410 ni
542 2355 806 2430 depressb,
846 2354 1292 2427 quemadmodum
1335 2355 1475 2429 frugi
1520 2359 1686 2411 Boves
1727 2373 1903 2411 aratro
1946 2357 2109 2410 Cam-

151 2451 281 2507 pum
322 2433 471 2487 sulcis
500 2451 763 2489 excavant
791 2435 1058 2487 invariata
1087 2434 1236 2488 fundi
1276 2435 1332 2487 ni
1373 2434 1659 2489 imminuta
1700 2433 2061 2508 profunditate
2092 2472 2106 2486 .

151 2516 240 2565 Ita
268 2514 435 2566 Venti
464 2511 694 2584 crispant
725 2511 943 2584 quidem
969 2513 1126 2567 Mare
1168 2513 1223 2566 in
1251 2510 1519 2585 superficie
1546 2552 1564 2581 ,
1604 2514 1655 2565 8<
1682 2512 1928 2568 mollibus
1957 2510 2107 2565 sulcis

151 2590 456 2661 complent,
498 2609 625 2662 quos
654 2587 841 2643 flucius
874 2590 924 2641 8<
951 2588 1111 2643 undas
1138 2609 1387 2645 vocamus
1410 2631 1427 2660 ,
1468 2608 1650 2645 tamen
1677 2610 1708 2645 a
1733 2591 1865 2645 statu
1894 2588 1982 2643 suo
2022 2607 2108 2661 ge·

152 2668 324 2720 nerali
352 2686 455 2720 non
484 2667 793 2721 dimovent.
837 2669 996 2721 Hanc
1035 2669 1325 2722 veritatem
1366 2670 1618 2741 cognovit
1660 2669 1710 2720 8<
1748 2670 1971 2740 Joannes
2013 2666 2107 2719 Al-

150 2743 377 2817 phonsus
405 2745 639 2799 Borellus
682 2763 903 2818 magnus
931 2744 1382 2814 MathematicuS,
1423 2748 1514 2819 qui
1542 2749 1598 2800 in
1623 2746 1853 2818 quodam
1885 2742 2108 2799 Tracta-

151 2838 212 2876 tu
252 2822 314 2876 de
358 2821 542 2877 Pisano
574 2824 770 2896 Stagno
814 2822 879 2876 ad
910 2824 991 2874 M.
1021 2824 1091 2875 D.
1125 2824 1372 2877 Etruriae
1415 2822 1549 2896 (a),
1592 2824 1766 2877 asserit
1793 2862 1809 2891 ,
1851 2826 2008 2876 Mare
2051 2823 2107 2874 in

152 2900 360 2974 magnis
402 2898 642 2954 fluctibus
682 2898 853 2974 reipsa
894 2918 998 2953 non
1039 2916 1246 2955 tumere
1273 2939 1289 2967 ,
1331 2898 1416 2955 sed
1456 2899 1668 2972 crispari
1700 2915 1910 2953 tantum
1938 2939 1955 2967 ,
1997 2899 2106 2953 imo

152 2978 467 3051 quandoque
498 2980 725 3052 deprimi
753 3019 770 3048 ,
811 2996 977 3051 quum
1019 2978 1159 3033 inter
1198 2996 1415 3050 magnos
1445 2978 1559 3031 illos
1589 2976 1773 3030 flufflus
1814 2991 2104 3051 appareant

154 3055 351 3130 scopuli
380 3058 430 3110 8(
460 3057 656 3113 herbae
685 3057 765 3111 his
791 3057 1101 3125 haerenteS,
1141 3075 1275 3130 quae
1302 3072 1544 3130 tempore
1574 3057 2010 3128 tranquillitatiS,
2051 3056 2103 3109 8<

155 3136 367 3203 majoris
394 3135 725 3209 depressionis
754 3154 861 3190 non
893 3136 1216 3210 apparebant
1243 3174 1258 3190 .
1300 3136 1546 3205 Tamen,
1572 3150 1630 3189 ut
1659 3152 1847 3189 verum
1885 3133 2059 3188 fatear
2082 3173 2102 3205 ,

1864 3215 2023 3268 Mare

206 3337 282 3388 (a)
310 3338 523 3381 Relazione
546 3341 656 3393 sopra
683 3342 722 3381 lo
744 3342 890 3395 Stagno
910 3341 949 3382 di
970 3339 1074 3381 Pisa.
1103 3343 1150 3381 In
1169 3338 1396 3380 ColleHione
1413 3339 1612 3382 Auelorum
1626 3367 1639 3391 ,
1665 3340 1735 3394 qus·
1753 3340 1802 3381 de
1821 3342 1937 3380 Motu
1954 3340 2101 3390 Aquar-

361 3405 531 3445 egerunt.
559 3395 675 3435 Tom.
691 3396 721 3435 Ι.
748 3409 837 3450 pag.
855 3395 941 3447 308.
970 3395 1079 3434 Edit.
1102 3394 1262 3434 Florem.
1295 3405 1407 3448 1733.
