2643 4060
654 226 750 304 46

641 345 1878 433 coR'otLARIVM
1987 358 2432 431 LIBRI

898 513 1010 566 DE
1055 509 1462 565 Cononis
1509 511 1804 565 MINVS
1852 509 2175 563 Νοτῑε,

715 669 901 723 PAG.
938 667 1024 721 18,
1071 669 1207 742 Cap.
1236 671 1304 720 X.
1341 665 1456 740 post
1497 668 1755 720 numm.
1801 662 2032 718 Addencl.

636 748 767 799 IIII.
814 750 877 799 In
921 745 1066 798 Mari
1107 744 1278 798 nostro
1320 745 1584 817 reperitur
1623 744 1867 816 frequens
1909 739 2206 795 Tubularia
2247 739 2513 814 quaedam

558 823 877 878 Vermiculis
919 823 1223 876 tenuissimis
1247 862 1263 892 ,
1304 823 1354 875 8<
1383 822 1616 878 testaceis
1659 819 1799 877 arete
1843 822 1983 874 inter
2010 818 2060 874 se
2103 819 2353 892 implexis
2392 837 2513 873 con-

556 901 719 970 stam,
762 903 852 974 qui
883 901 1177 956 Vermiculi
1219 920 1325 956 non
1354 901 1741 956 convolvuntur
1782 901 1840 953 in
1866 899 2076 971 Spiram
2117 912 2175 952 ut
2202 896 2513 952 anteceden-

558 996 670 1048 tes>
711 978 796 1033 sed
838 975 980 1033 reela
1012 979 1301 1051 procedunt
1327 1019 1343 1048 ‚
1385 980 1435 1032 ὃ(
1475 982 1530 1033 in
1560 982 1730 1035 varios
1757 975 2058 1044 fascicuIOS‚
2099 975 2187 1029 ubi
2230 993 2285 1028 os
2326 992 2513 1029 eorum

559 1059 792 1114 cernitur
817 1097 840 1125 a·
875 1055 1111 1111 desinunt
1143 1097 1156 1111 .
1214 1057 1563 1112 Admirabilis
1610 1057 1742 1113 haec
1785 1056 2129 1109 minimorum
2171 1052 2512 1107 Tubulorum

561 1137 853 1210 Congeries
880 1151 1097 1208 propter
1123 1154 1307 1190 eorum
1331 1136 1691 1210 exiguitatem
1731 1135 1781 1187 3<
1808 1132 2191 1207 implicationes
2218 1131 2391 1187 varias
2419 1132 2513 1186 Fi-

561 1213 781 1289 lograna
824 1214 982 1286 vulgo
1025 1214 1352 1287 appellatura

647 1296 705 1346 V.
751 1293 1099 1364 Frequentius
1127 1291 1193 1346 ad
1220 1291 1404 1346 Testas
1435 1289 1742 1345 Ostreorum
1784 1288 2128 1345 adhaerentes
2172 1289 2512 1362 reperiuntur

562 1371 766 1426 Tubuli
796 1371 885 1424 alii
914 1371 1085 1443 longi,
1128 1371 1177 1423 ὃ(
1203 1369 1362 1424 instar
1385 1369 1599 1424 Calami
1627 1370 1900 1441 Scri‘ptorii
1930 1368 2105 1435 craffi,
2147 1369 2237 1439 qui
2266 1365 2411 1420 recta
2439 1365 2512 1419 as·

562 1447 811 1521 surgunt,
853 1449 902 1500 8<
931 1450 1062 1501 mire
1093 1449 1146 1500 in
1175 1446 1441 1502 fasciculos
1470 1448 1853 1519 protenduntur
1878 1485 1894 1514 ,
1937 1444 2023 1498 sed
2052 1463 2344 1516 numquam
2375 1446 2514 1498 inter

563 1526 614 1584 se
658 1526 999 1602 implicantur
1039 1526 1089 1578 8<
1117 1527 1397 1594 uniuntur,
1439 1540 1497 1578 ut
1525 1522 1841 1598 superioreS‚
1882 1521 1971 1577 sed
1993 1521 2179 1596 finguli
2206 1520 2414 1595 semper
2441 1520 2515 1575 di-

567 1603 740 1662 stincli
780 1607 920 1660 inter
960 1602 1009 1658 se
1054 1605 1103 1656 8<
1132 1602 1294 1659 erecti
1324 1617 1573 1659 manent.

721 1719 907 1772 PAG.
943 1736 1027 1788 34.
1074 1721 1210 1790 Cap.
1239 1719 1510 1770 XXVII.
1556 1717 1788 1771 Addemil

643 1798 774 1850 IIII.
820 1796 1099 1849 Invenitur
1139 1796 1189 1847 8<
1229 1796 1282 1849 in
1311 1793 1480 1848 nostro
1506 1796 1651 1848 Mari
1694 1791 1914 1849 Concha
1943 1790 2207 1865 quaedam
2246 1789 2516 1867 oblonga3

568 1875 833 1946 elliptica,
876 1872 1061 1928 &satis
1090 1874 1281 1943 crassa,
1310 1892 1446 1947 quae
1476 1891 1579 1927 non
1607 1873 1746 1929 male
1775 1873 1840 1928 ad
1870 1871 2079 1927 Solenes
2105 1868 2271 1944 potest
2299 1871 2514 1925 referri.

565 1953 853 2025 Singularis
884 1952 985 2020 est,
1026 1953 1165 2025 quod
1194 1953 1414 2008 Animal
1447 1952 1551 2023 ejus
1577 1953 1669 2006 vix
1697 1970 1793 2024 per
1820 1952 2040 2007 tertiam
2066 1962 2274 2022 partem·
2316 1968 2347 2002 a
2376 1950 2517 2003 Con-

569 2031 668 2085 cha
700 2046 941 2104 tegatur.
986 2032 1166 2102 Caput
1193 2030 1341 2101 hujus
1368 2029 1580 2082 Selenes
1606 2028 1803 2097 refert,
1843 2026 1927 2079 sed
1971 2028 2024 2079 in
2067 2027 2236 2081 altera
2264 2027 2517 2083 extremi-

569 2124 679 2163 tate
723 2108 846 2162 duas
889 2107 1221 2180 Appendices
1248 2146 1264 2175 ,
1308 2106 1395 2159 seu
1423 2102 1624 2159 Ductus
1650 2106 1968 2161 excretorios
2000 2103 2309 2173 exstanteiS‚
2351 2096 2517 2160 &³te-

570 2186 726 2242 reteis
755 2185 979 2240 ostentat
1004 2226 1016 2239 .
1062 2183 1381 2244 Vniversum
1409 2184 1631 2243 Animal
1674 2182 1992 2241 extrinsecus
2035 2182 2375 2259 pulcherrimi
2403 2202 2511 2238 coc-

569 2266 704 2322 cinei
747 2264 933 2321 coloris
975 2262 1078 2320 esta

727 2386 913 2439 PAG.
951 2404 1036 2456 37.
1083 2386 1217 2460 Cap.
1247 2387 1330 2440 II.
1376 2381 1617 2440 Addendss·

643 2465 744 2515 III.
792 2466 970 2517 Verno
999 2481 1237 2536 tempore
1266 2465 1320 2517 in
1349 2466 1494 2517 Mari
1517 2463 1687 2517 nostro
1716 2463 1919 2536 capitur
1934 2458 2142 2516 Cancer
2171 2458 2386 2531 quidam
2415 2457 2517 2511 lae-

574 2541 655 2596 vis
697 2540 1077 2609 crastiusculuS,
1118 2539 1380 2610 subruqu,
1422 2542 1472 2593 &
1499 2542 1756 2614 quadrata
1781 2541 1950 2594 i'orma
1979 2538 2196 2593 donatus
2214 2577 2226 2590 .
2271 2540 2321 2590 Is
2348 2537 2520 2590 oculos

571 2620 716 2674 inter
744 2618 791 2673 se
822 2617 1105 2673 admodum
1133 2635 1389 2688 remotos,
1431 2620 1480 2671 8<
1509 2621 1562 2672 in
1593 2621 1936 2675 extremitate
1967 2617 2102 2671 rami
2143 2614 2408 2687 cujusdam
2436 2635 2522 2686 cy-

566 2697 773 2754 lindrici
803 2700 940 2771 gerit
969 2737 985 2766 ,
1029 2697 1309 2772 conditque
1338 2716 1424 2752 eos
1450 2716 1553 2752 una
1585 2717 1704 2752 cum
1734 2698 1949 2752 ramulis
1979 2694 2078 2750 suis
2105 2694 2246 2750 intra
2274 2712 2522 2749 cavernu-

568 2775 712 2844 lam,
754 2795 914 2849 quam
941 2778 995 2830 in
1022 2778 1239 2830 Cortice
1255 2816 1279 2846 Ἰ
1300 2775 1386 2831 seu
1408 2777 1608 2830 Cranio
1637 2776 1797 2833 habet
1826 2775 2186 2850 exsculptam.
2231 2772 2407 2847 Vulgo
2435 2791 2521 2844 vo-

572 2871 759 2908 cantur
789 2855 984 2908 Cancri
1012 2854 1067 2907 hi
1095 2854 1333 2926 Illyrici,
1375 2853 1462 2908 seu
1502 2855 1832 2909 Dalmatici.-

729 2969 914 3021 PAG.
944 2982 1033 3037 43.
1080 2970 1215 3041 Cap.
1245 2970 1368 3020 III.
1411 2968 1639 3020 numnll.
1683 2966 1919 3020 Aufidends

652 3045 737 3100 Re
778 3044 964 3100 melius
991 3044 1244 3117 perpensa
1284 3060 1501 3118 propter
1527 3045 1734 3116 copiam
1765 3047 2063 3099 Pennarum
2091 3041 2432 3096 Marinarum
2461 3038 2526 3093 ad

571 3142 662 3175 nos
692 3123 907 3190 allataS,
949 3124 1170 3196 cognovi
1200 3123 1290 3176 has
1320 3141 1509 3177 revera
1538 3123 1603 3175 ad
1631 3123 1840 3176 Plantas
1870 3122 2126 3188 marinas,
2155 3118 2241 3174 seu
2271 3119 2336 3172 ad
2363 3121 2531 3173 Cera-

576 3201 802 3272 tophyta
845 3200 942 3256 effe
986 3200 1283 3256 referendas
1311 3242 1324 3255 .
1368 3199 1594 3254 Radices
1625 3200 1823 3255 habent·
1852 3200 1994 3253 albas
2020 3198 2119 3252 hae
2152 3200 2359 3252 Pennae
2386 3236 2402 3265 ,
2443 3195 2529 3251 sed

575 3279 781 3332 Cortex
816 3279 988 3333 trunci
1030 3280 1108 3332 uti
1149 3280 1199 3332 &
1226 3279 1355 3334 folia
1383 3278 1589 3352 pulchri
1617 3277 1944 3332 Amaranthi
1976 3277 2160 3330 coloris
2191 3275 2261 3329 est
2288 3315 2301 3328 .
2348 3278 2528 3346 Quare

575 3374 681 3408 non
711 3355 850 3410 male
879 3358 1059 3410 vocari
1084 3357 1251 3430 potest
1292 3358 1392 3411 hoc
1423 3356 1637 3412 Plantae
1679 3375 1840 3433 genu-s
1871 3374 1882 3408 :
1928 3359 1977 3410 C
1984 3354 2320 3432 eratophyton
2359 3354 2531 3413 Maris

578 3436 765 3509 Superi
805 3438 1044 3488 Pennam
1082 3434 1334 3507 referens.
1493 3430 1497 3433 ¹
2440 3467 2443 3473 ’
