2643 4060
649 270 732 320 510
1046 245 2058 332 DIE-CONCHIS’

631 406 711 457 ΙΙ.
757 404 877 458 Hoc
917 401 1158 457 Testacei
1186 419 1349 476 genus
1390 401 1742 476 petrefacfftum
1784 405 1834 457 8<
1873 401 2035 458 foffile
2063 441 2079 471 ,
2121 416 2181 456 ut
2222 422 2290 459 ex
2316 405 2504 465 iisdem

565 480 971 537 Bononiensibus
997 478 1413 542 Commentariis
1439 499 1689 556 apparet,
1727 481 1962 543 >abundat
2004 482 2059 535 in
2085 482 2330 541 omnibus
2358 503 2503 539 mon-

560 560 701 614 tibus
743 560 881 612 circa
908 561 1200 613 Bononiam
1231 557 1332 632 (a)
1359 597 1372 612 .
1411 561 1495 621 *At
1525 560 1754 614 abundat
1779 561 1952 618 ,etiam
1976 560 2034 615 ,in
2063 560 2340 615 Montibus
2367 563 2505 618 circa

560 637 872 692 Ariminum
899 677 916 706 ,
957 639 1124 691 immo
1151 638 1206 690 in
1234 653 1375 692 terra
1402 637 1616 692 arenosa
1645 638 1910 710 cujusdam
1939 638 2133 692 montis
2160 640 2467 711 Covignani
2482 682 2502 709 ‚

562 715 654 787 qui
673 734 832 779 ,mons
874 714 1094 770 secundo
1135 715 1223 771 vel
1262 716 1421 770 tertio
1439 716 1647 789 ,Lapide
1691 718 1899 772 circiter
1939 736 1969 770 a
2011 717 2154 770 Mari
2183 717 2508 773 Ariminensi

563 791 718 857 distat
746 833 763 862 ,
804 808 955 847 tanta
979 792 1055 857 ,est
1080 796 1158 850 vis
1192 794 1345 865 >hujus
1385 794 1624 868 lapideae
1652 794 1882 864 Testae,
1915 810 1973 848 ut
2014 795 2069 848 in
2097 794 2307 869 singulis
2336 796 2502 850 unciis

562 870 712 923 mille
739 872 792 933 δε
819 871 1134 945 quingentas
1160 874 1465 944 reperierim
1494 913 1510 941 ,
1551 888 1608 927 ut
1650 873 1805 945 duplo
1830 872 2056 935 excedat
2083 891 2365 929 numerum
2394 873 2505 928 illa·

556 967 709 1017 rum,
748 966 881 1020 quae
914 949 970 1001 in
1010 967 1169 1003 arena
1195 951 1286 1003 illa
1308 955 1453 1010 ,flava
1480 951 1786 1005 Bononiensi
1815 952 2179 1023 reperiuntur.
2225 948 2325 1025 (b)
2349 953 2506 1007 ‚Prae-

556 1041 705 1080 terea
745 1027 800 1078 in
840 1025 992 1079 unica
1033 1027 1185 1080 uncia
1226 1027 1376 1099 hujus
1413 1027 1616 1084 nostrae
1646 1032 1859 1082 Arenae
1904 1030 2196 1101 quingenta
2223 1029 2325 1081 alia
2355 1029 2508 1085 mini-

547 1113 648 1165 ma
674 1101 929 1160 Testacea
955 1105 1195 1176 Corpora
1234 1104 1314 1157 his
1344 1106 1519 1159 affinia
1546 1121 1862 1173 cernuntur,
1890 1124 2025 1176 quae
2057 1103 2388 1175 sequentibus
2417 1103 2506 1160 suo

555 1180 671 1234 loco
713 1181 1012 1234 notabimus
1053 1221 1066 1234 .
1123 1183 1212 1234 An
1252 1181 1355 1236 hae
1398 1181 1591 1238 Testae
1634 1202 1700 1236 ex
1744 1181 2026 1244 universali
2070 1181 2413 1254 Cataclysmo
2451 1184 2508 1237 in

555 1259 816 1313 Stratibus
855 1258 1147 1313 nostrorum
1184 1262 1451 1314 montium
1491 1258 1710 1314 reliEtae
1737 1261 1935 1316 fuerint
1960 1299 1977 1328 ,
2022 1277 2078 1313 ut
2110 1260 2508 1316 Woodwardus

552 1336 854 1406 contendit,
895 1338 944 1389 3<
977 1339 1308 1391 communior
1332 1339 1436 1394 fert
1462 1338 1640 1411 opinio
1674 1356 1684 1388 :
1734 1341 1823 1391 An
1865 1356 1991 1392 vero
2036 1338 2245 1391 marina
2287 1357 2507 1410 corpora

551 1413 683 1481 s1nt,
724 1433 859 1486 quae
899 1414 1132 1467 nostrum
1173 1415 1345 1488 ipsum
1379 1418 1647 1489 ,Superum
1677 1419 1832 1470 Mare
1870 1416 1929 1475 ,in
1970 1415 2154 1487 jisdem
2183 1415 2458 1488 reliquerit
2488 1455 2507 1486 ,

550 1490 690 1563 quod
731 1490 863 1562 ipsos
899 1493 1130 1553 ,monteis
1166 1510 1287 1553 ,tum
1325 1495 1547 1549 allueret
1572 1532 1588 1560 ,
1625 1491 1916 1566 sensimque
1959 1495 2024 1548 ab
2067 1494 2170 1546 illis
2212 1495 2506 1563 recesserit,

549 1584 609 1620 ut
652 1568 717 1620 ab
760 1568 902 1621 Vrbe
944 1566 1115 1620 nostra
1156 1569 1356 1622 recessit
1397 1569 1612 1642 quidem
1641 1610 1657 1639 ,
1699 1571 1751 1624 id
1793 1571 2025 1625 viderint
2067 1569 2412 1643 Philosophi,
2454 1572 2506 1625 δε

551 1643 884 1717 Chronologi
909 1685 921 1698 .
969 1643 1230 1703 Nostrum
1270 1646 1387 1702 heic
1415 1667 1518 1701 non
1547 1647 1619 1704 est
1645 1649 1707 1703 de
1734 1648 1832 1702 hac
1860 1667 1914 1703 re
1946 1646 2209 1720 disputare
2239 1688 2252 1701 .
2297 1649 2382 1702 De
2428 1667 2505 1708 re-

553 1722 687 1775 cessu
715 1741 844 1776 vero
874 1723 1045 1776 Maris
1069 1723 1135 1775 ab
1166 1723 1306 1778 Vrbe
1337 1727 1588 1779 Arimino
1614 1766 1631 1794 ,
1671 1728 1847 1799 aliqua
1890 1725 2129 1800 sequenti
2168 1726 2304 1779 libro
2347 1727 2504 1786 attin-

546 1816 708 1873 gam,
750 1799 838 1852 ubi
865 1799 927 1854 de
957 1800 1160 1855 ratione
1189 1803 1397 1873 fluXUS,
1440 1805 1490 1856 8<
1516 1807 1773 1865 refluxus.

964 2069 1372 2138 CAP
1479 2069 1706 2146 VT
1865 2070 2053 2143 III.

543 2214 798 2266 CoRNv
847 2215 1254 2268 HAMMONIS
1300 2218 1655 2271 L1TToR1s
1701 2216 2202 2271 ARIMINENsrs
2255 2231 2486 2273 MINVS

625 2304 969 2353 VVLGARE
1010 2293 1590 2361 ORBICVLATVM,
1639 2307 2020 2348 STRIATVM
2052 2334 2068 2362 ,
2116 2308 2488 2349 VMBILico

626 2381 1163 2437 PROMINENTE,
1223 2382 1309 2423 EX
1362 2384 1507 2432 QVO
1561 2384 1822 2425 STRIAE
1865 2384 1960 2430 ,ET
2011 2385 2492 2427 LOCVLAMEN’

626 2457 717 2508 TA
767 2457 1008 2498 OMNIA
1059 2460 1489 2501 PRODEVNT.

856 2599 937 2652 Oc
966 2602 1151 2653 Cornu
1178 2602 1500 2656 Hammonis
1545 2619 1707 2675 genus
1748 2601 1968 2656 Littoris
2000 2602 2345 2657 Ariminensis
2387 2604 2484 2658 mi-

776 2679 778 2681 ’
880 2695 972 2730 nus
1001 2678 1218 2751 vulgare
1250 2678 1545 2751 appellavi,
1587 2679 1737 2752 quod
1779 2682 1943 2734 rarius
1985 2680 2039 2733 in
2067 2680 2375 2736 Sedimento
2401 2701 2488 2735 no-

879 2753 978 2808 stro
1014 2756 1333 2828 reperiatur,
1361 2757 1410 2809 8<
1435 2758 1676 2810 omnium
1712 2756 1857 2829 hujus
1884 2761 2090 2831 generis
2106 2758 2488 2813 Testaceorum

534 2826 597 2881 fit
624 2828 779 2903 longe
807 2832 1229 2904 pulcherrimum
1257 2874 1271 2888 .
1327 2834 1540 2888 Raritas
1582 2851 1765 2888 tamen
1807 2854 1918 2888 non
1961 2835 2032 2890 est
2069 2834 2282 2894 ,summa
2322 2854 2489 2909 quum.

535 2924 746 2961 centum
780 2910 999 2982 triginta
1027 2911 1075 2963 8<
1093 2911 1230 2965 ultra
1257 2931 1325 2965 ex
1351 2912 1456 2973 ,illis
1484 2910 1575 2965 sex
1603 2914 1765 2965 unciis
1793 2913 1969 2968 Sedim
1982 2914 2093 2968 enti
2123 2915 2346 2987 legerim
2365 2953 2378 2966 .
2407 2916 2487 2968 At

535 2985 588 3036 in
620 2985 734 3039 aliis
760 2988 1077 3042 Sedimentis
1102 2991 1261 3043 maris
1289 2989 1446 3043 nostri
1473 2990 1522 3042 8<
1547 2989 1732 3058 inferi,
1772 3009 1836 3045 ne
1869 3009 2041 3044 unum
2063 2992 2282 3062 ¹quidem
2310 3009 2486 3045 cerne-

538 3078 593 3112 re
622 3062 769 3120 licuit
789 3105 801 3118 .
849 3066 1272 3121 Pulcherrimum
1299 3067 1370 3121 est
1394 3083 1610 3140 propter
1637 3067 1859 3140 figuram
1887 3068 2051 3140 plane
2079 3068 2393 3136 rotundam,
2433 3070 2484 3121 8<

534 3154 747 3211 propter
785 3141 1141 3200 subtilissimas
1179 3144 1570 3202 interseetiones
1596 3184 1613 3216 ,
1655 3164 1787 3219 quae
1828 3145 2049 3207 striatae
2090 3146 2480 3220 aliquantulum

2250 3221 2400 3294 sunt,

562 3342 641 3391 (a)
668 3342 769 3382 Ibid.
797 3345 838 3383 in
858 3350 963 3387 Com.
985 3354 1108 3391 Acad.
1136 3354 1257 3403 Instit.

558 3392 643 3446 (b)
671 3398 767 3455 Pag·
781 3399 842 3445 69.
872 3426 882 3436 .
910 3426 921 3437 .
950 3428 959 3438 .
990 3429 999 3439 .
1027 3405 1067 3441 in
1088 3408 1231 3443 Arenae
1253 3406 1377 3444 unciis
1402 3421 1474 3446 non
1494 3406 1662 3460 amplius
1682 3405 1806 3452 binis,
1834 3417 2019 3461 quantum
2038 3406 2239 3449 Beccarius
2258 3404 2336 3457 ips}²
2357 3404 2473 3457 conji-

722 3459 800 3495 cit,
821 3449 940 3501 supra
960 3454 1072 3493 mille
1103 3456 1155 3498 Θ
1172 3459 1379 3511 quingenta
1398 3461 1591 3513 potuerim
1616 3459 1824 3500 numerari·
