2643 4060
627 267 699 312 22
985 243 1987 323 DECoNcHis

523 408 648 444 nem
675 388 785 444 fere
813 387 1016 443 nullam
1043 406 1165 444 cum
1192 385 1528 442 antecedenti.
1556 389 1716 446 habet
1744 429 1757 444 .
1803 388 1901 445 Sed
1939 391 2192 463 quoniam
2232 392 2351 446 talis
2392 389 2472 447 est*

525 467 846 542 progressus,
887 469 937 520 ὃ(
966 467 1020 521 id
1047 469 1211 523 etiam
1241 464 1411 520 noster
1436 467 1562 520 ordo
1589 468 1844 541 postulat,
1885 484 1943 523 ut
1971 487 2052 522 res
2080 467 2283 541 semper
2323 471 2473 541 prius

524 545 815 599 referamus
856 544 1306 618 quemadmodum
1335 544 1390 598 in'
1416 546 1746 601 Praefatione
1775 548 2034 616 diximus,
2061 565 2195 620 quae
2227 565 2346 602 aere
2377 565 2468 600 ex-

523 619 643 677 cusa
672 620 821 693 sunt,
863 623 1048 680 deinde
1092 624 1157 679 ad
1185 623 1289 678 alia
1331 641 1435 676 non
1462 622 1579 677 cusa
1619 624 1988 679 descendamus
2015 665 2039 678 ,γ
2072 628 2291 680 Nucem
2330 624 2475 678 hane.

524 719 686 773 quam
715 718 1001 775 utcumque
1031 702 1369 757 adumbravit
1393 699 1566 757 Pistor
1595 705 1812 776 quidam
1838 706 2071 757 Venetus
2100 705 2155 758 in
2169 702 2382 757 Tabula
2399 704 2462 755 V.

525 797 699 833 num.0
729 783 824 833 IX.
852 782 902 833 8<
930 784 993 834 X.
1037 781 1193 835 multi
1220 782 1438 853 Leporis
1466 782 1656 834 marini
1686 782 1897 835 nomine
1926 780 2155 850 donant,
2197 779 2335 853 quod
2363 798 2478 833 car»

524 857 648 911 nola
676 856 994 912 extrinsecus
1022 860 1255 912 multum
1280 858 1341 912 fit
1360 899 1375 927 ‚
1417 860 1505 913 vel
1531 879 1664 931 pene
1695 859 2069 933 cartilaginea,
2111 860 2161 912 8<
2187 859 2292 930 ejus
2308 856 2471 910 Testa

524 935 586 989 fit
614 932 942 989 subtilissima
971 937 1019 988 8<
1049 955 1269 1001 manca,
1295 953 1352 990 ut
1380 937 1473 991 vix
1509 939 1727 990 tertiam
1755 955 1964 1010 partem
1996 936 2322 990 Animalculi
2348 954 2470 1007 ope·-

528 1015 663 1068 riat.
709 1014 760 1065 A
788 1012 967 1066 nostris
996 1012 1339 1066 Piscatoribus
1365 1014 1674 1086 Amygdala
1703 1017 1910 1067 marina
1939 1015 2265 1086 appellatur,
2291 1014 2340 1064 δε
2370 1012 2477 1064 for-·

533 1090 660 1145 tasse
690 1110 795 1145 non
811 1093 1118 1147 inconcinne
1135 1131 1150 1160 ,
1178 1108 1342 1164 quum
1358 1089 1465 1162 ipsa
1481 1092 1687 1164 integra
1705 1090 2068 1164 Amygdalam
2086 1091 2282 1164 magis,
2307 1107 2479 1162 quam

528 1171 776 1238 Nucem,
820 1186 875 1223 ut
907 1171 1139 1242 reliquae
1169 1169 1318 1240 hujus
1346 1170 1551 1241 generis
1578 1168 1802 1237 Testae,
1845 1169 2068 1223 referat.
2113 1167 2362 1242 Josephus
2391 1168 2479 1220 Zi-

534 1248 756 1301 nannius
783 1249 1066 1303 Ravennas
1094 1249 1178 1302 vir
1204 1247 1601 1316 NobiliflimuS‚
1643 1266 1702 1301 ac
1731 1248 1791 1301 de
1811 1246 2045 1301 Historia
2060 1247 2323 1300 Naturalis
2341 1245 2477 1318 opti‘³

530 1343 619 1380 rne
649 1327 896 1393 merituS‚
940 1342 1053 1380 tum
1081 1342 1296 1399 propter
1323 1325 1523 1379 Scrinia
1551 1364 1566 1393 ,
1608 1344 1741 1397 quae
1785 1324 1998 1397 poffidet
2040 1343 2220 1378 rerum
2244 1326 2488 1378 Naturae

529 1403 664 1456 lium
692 1404 1057 1471 refertissima,
1101 1422 1267 1476 quum
1294 1419 1510 1475 propter
1536 1403 1736 1458 editum
1765 1403 1960 1456 librum
1986 1401 2047 1456 de
2077 1403 2210 1456 Ovis
2239 1402 2441 1455 Avium
2460 1440 2490 1468 J.

530 1481 580 1532 3<
607 1478 669 1534 de
696 1479 924 1534 Locustis
952 1519 965 1548 ,
1007 1482 1096 1552 qui
1126 1480 1392 1552 quondam
1421 1481 1487 1532 ad
1516 1500 1602 1535 me
1645 1482 1707 1535 de
1735 1481 1832 1535 hac
1861 1482 2017 1534 Nuce
2050 1496 2337 1535 anatomen
2365 1477 2493 1531 scri*

529 1556 592 1631 ps
597 1574 743 1626 erat,
784 1576 903 1611 eam
932 1557 1021 1610 sub
1037 1557 1349 1626 Hirudini3‚
1391 1555 1476 1611 seu
1506 1555 1594 1611 sub
1623 1557 1969 1632 Sanguisucae
1998 1559 2234 1613 marinae
2265 1557 2493 1609 nomine·

532 1634 829 1708 descripsit.
872 1633 1197 1690 Observavit
1224 1637 1370 1689 enim
1401 1637 1500 1688 Vir
1525 1636 1945 1711 diligentissimus
1985 1654 2107 1691 eam
2140 1635 2352 1688 fortiter
2393 1632 2484 1687 ad-²

534 1715 754 1769 haerere
784 1714 1053 1784 Alcyonio
1082 1714 1161 1767 illi
1202 1713 1342 1787 quod
1366 1714 1695 1788 Favaginern
1725 1713 2020 1768 Aristotelis
2048 1712 2319 1786 appellant
2343 1750 2360 1779 ,
2402 1725 2487 1765 at-·

533 1811 634 1865 que
677 1810 746 1845 ex
788 1810 850 1845 eo
892 1792 1211 1845 alimentum
1253 1789 1506 1864 exsugere
1537 1833 1549 1845 .
1596 1797 1776 1868 Qiare
1806 1811 1969 1864 quum
1998 1792 2213 1863 Leporis
2245 1789 2439 1843 marini
2465 1827 2494 1856 ,1

533 1869 622 1924 vel
653 1869 989 1943 Amygdalae
1033 1889 1228 1923 nomen
1268 1869 1426 1923 nimis
1455 1871 1674 1944 vulgare
1704 1869 1875 1923 minus
1902 1872 2136 1941 placeret
2163 1908 2179 1935 ‚
2221 1869 2278 1919 δε.
2311 1866 2484 1934 Nucis

535 1966 730 2003 nomen
772 1964 896 2000 tunc
923 1948 1046 2002 effet
1073 1948 1314 2020 ignotum
1330 1965 1347 2016 3
1391 1947 1775 2020 Sanguisucam
1794 1949 2058 2001 marinam
2086 1945 2349 1999 minorem
2371 1944 2494 1997 Lit-.=-

534 2026 662 2079 teris
693 2023 764 2079 ad
786 2044 872 2079 me
899 2024 1031 2078 datis
1059 2025 1380 2097 appellavit.
1410 2024 1783 2096 Sanguisucam
1810 2025 1957 2077 enim
1983 2022 2238 2093 majorem
2268 2037 2483 2095 propter

538 2101 747 2157 easdem
775 2103 1123 2175 proprietates
1151 2101 1455 2174 appellabat
1486 2103 1765 2158 Concham
1794 2102 1957 2156 aliam
1982 2141 1998 2170 ,
2039 2119 2205 2174 quam·
2241 2098 2484 2173 sequenti

539 2179 761 2236 articulo
776 2179 1153 2235 describemus,
1185 2182 1261 2234 At
1290 2179 1537 2234 invisenti
1565 2181 1699 2233 mihi
1725 2179 2033 2252 frequenter
2059 2180 2233 2233 Littus
2252 2177 2491 2232 nostrum·v

537 2257 814 2313 observavi
857 2257 1040 2312 Testas
1067 2257 1229 2311 nudas
1270 2258 1419 2329 hujus
1448 2258 1775 2311 Animalculi
1817 2258 1903 2330 (id
1936 2257 2040 2312 sive
2067 2261 2340 2329 Leporem
2375 2274 2490 2309 mae·

538 2339 747 2404 tinum,
769 2336 874 2390 five
904 2335 1300 2409 Amygdalam,
1328 2337 1431 2390 five
1452 2335 1773 2389 Hirudinem
1799 2336 2065 2389 marinam
2092 2331 2324 2404 vocites)
2352 2332 2496 2386 mul-*-

542 2431 658 2467 tum
685 2433 806 2465 cum
834 2415 1137 2486 vulgaribus
1154 2415 1395 2467 Nucibus
1424 2415 1641 2468 marinis
1667 2415 1981 2481 convenire,
2019 2427 2076 2465 ut
2103 2411 2242 2466 infra
2269 2410 2320 2466 se
2347 2412 2496 2464 Tur·mv

540 2493 721 2545 binem
765 2491 1047 2564 colligant,
1089 2507 1144 2543 ut
1175 2491 1407 2562 loquitur
1435 2491 1746 2558 Columnaff.
1774 2491 1901 2544 licet
1942 2488 2224 2545 admodum
2269 2504 2484 2560 aper-tae

540 2569 640 2623 sint
667 2609 682 2636 ,
723 2568 827 2623 five
872 2588 925 2621 os
967 2567 1116 2620 suum
1156 2568 1443 2622 testaceum
1486 2565 1796 2623 immaniter
1836 2567 2081 2639 patulum
2122 2566 2353 2620 habeant
2383 2605 2398 2635 ‚
2441 2565 2492 2617 8<

545 2665 734 2720 parum
778 2648 829 2699 in
875 2646 922 2701 se
965 2646 1337 2715 convolutum,
1378 2662 1434 2699 ut
1463 2649 1712 2719 Vnguem
1742 2645 2034 2700 humanam
2063 2644 2295 2699 referant
2330 2685 2342 2698 .
2383 2643 2503 2696 Ob·-

544 2725 776 2780 servavit
818 2724 1055 2779 laudatus
1095 2725 1433 2778 nobilissimus
1461 2725 1747 2778 Zinannius
1790 2743 1977 2779 verum
2004 2743 2059 2777 os
2085 2723 2234 2795 hujus
2251 2720 2495 2775 Animal-

549 2804 654 2856 culi
695 2802 919 2875 positum
962 2802 1058 2856 effe
1102 2803 1156 2855 in
1199 2804 1546 2858 extremitate.
1585 2800 1796 2857 carnosa
1822 2843 1837 2872 ,
1879 2805 1928 2856 8<
1963 2820 2127 2874 quum
2170 2819 2289 2854 caro
2332 2799 2493 2852 totius

550 2881 816 2933 Animalis
859 2883 919 2934 sit
956 2899 1089 2953 pene
1119 2881 1461 2954 cartilaginea
1502 2881 1645 2934 eirca
1671 2879 1998 2934 stomachum
2039 2882 2143 2935 tria
2172 2877 2378 2932 officula
2406 2875 2496 2928 lra-

552 2959 677 3014 bere
707 2998 722 3028 ,
765 2960 949 3032 quibus
992 2959 1213 3012 Anima-l
1254 2958 1566 3014 defendatur
1606 2977 1666 3012 ac
1708 2956 2020 3014 sustentetur
2056 2998 2072 3027 ‚
2122 2974 2287 3029 quum
2329 2952 2498 3026 ipsum

555 3038 694 3090 intra
725 3037 1050 3091 cochleatam
1080 3037 1265 3091 testam
1307 3057 1408 3091 non
1437 3038 1583 3110 possit
1626 3037 1838 3091 recondi
1863 3078 1878 3107 ,
1921 3055 2052 3109 quae
2084 3034 2292 3089 officula
2319 3028 2500 3086 fortas-

557 3112 607 3166 se
651 3114 898 3183 adjuvant
928 3114 1077 3168 simul
1104 3116 1340 3168 ciborum
1369 3115 1705 3188 digestionem
1724 3157 1735 3170 .
1781 3119 1932 3169 Haec
1961 3115 2046 3167 uti:
2066 3112 2340 3186 sequentes
2368 3111 2499 3162 Cor-

557 3209 661 3244 nua
702 3193 900 3247 habent
942 3193 1086 3247 nulla
1113 3235 1128 3263 ,
1171 3197 1330 3266 quare
1363 3193 1460 3246 hoc
1487 3192 1826 3247 Concharum
1857 3212 2015 3267 genus
2056 3209 2185 3244 cum.
2218 3187 2501 3256 CochleiS,

559 3269 770 3323 Patellis
795 3309 813 3338 ,
853 3273 1283 3345 Turbinibusque
1327 3289 1462 3345 quae
1490 3272 1668 3324 omnia
1696 3273 1933 3325 cornibus
1972 3268 2225 3325 instruffla
2247 3265 2361 3319 sunt
2404 3268 2506 3319 min

559 3346 703 3403 nime
745 3350 991 3404 convenit
1017 3389 1030 3403 .
1075 3351 1245 3424 igitur
1269 3351 1444 3424 paucis
1469 3389 1485 3420 ,
1525 3365 1582 3405 ut
1614 3350 1780 3407 multa
1821 3351 1875 3404 in
1917 3367 2079 3404 unum
2120 3346 2465 3402 conducamus
2481 3385 2510 3414 ,f

2290 3425 2436 3479 lianc,
