<?xml version="1.0" encoding="UTF-8"?>
<!DOCTYPE html PUBLIC "-//W3C//DTD XHTML 1.0 Transitional//EN"
    "http://www.w3.org/TR/xhtml1/DTD/xhtml1-transitional.dtd">
<html xmlns="http://www.w3.org/1999/xhtml" xml:lang="en" lang="en">
 <head>
  <title>
</title>
<meta http-equiv="Content-Type" content="text/html;charset=utf-8" />
  <meta name='ocr-system' content='tesseract 3.04.00' />
  <meta name='ocr-capabilities' content='ocr_page ocr_carea ocr_par ocr_line ocrx_word'/>
</head>
<body>
  <div class='ocr_page' id='page_1' title='image "./janiplanciarimin39bian_0066.png"; bbox 0 0 2643 4060; ppageno 0'>
   <div class='ocr_carea' id='block_1_1' title="bbox 616 244 2154 471">
    <p class='ocr_par' dir='ltr' id='par_1_1' title="bbox 616 244 2154 471">
     <span class='ocr_line' id='line_1_1' title="bbox 616 244 1971 339; baseline 0.003 -22"><span class='ocrx_word' id='word_1_1' title='bbox 616 256 708 339; x_wconf 64' lang='lat'>‘56</span> <span class='ocrx_word' id='word_1_2' title='bbox 1023 244 1971 324; x_wconf 77' lang='lat' dir='ltr'>SPECIMEN</span> 
     </span>
     <span class='ocr_line' id='line_1_2' title="bbox 841 390 2154 471; baseline -0.007 -3"><span class='ocrx_word' id='word_1_3' title='bbox 841 390 1909 471; x_wconf 85' lang='lat' dir='ltr'><em>PROPOSITIO</em></span> <span class='ocrx_word' id='word_1_4' title='bbox 2019 390 2154 461; x_wconf 83' lang='lat' dir='ltr'>VI.</span> 
     </span>
    </p>
   </div>
   <div class='ocr_carea' id='block_1_2' title="bbox 522 535 2476 853">
    <p class='ocr_par' dir='ltr' id='par_1_2' title="bbox 522 535 2476 853">
     <span class='ocr_line' id='line_1_3' title="bbox 522 535 2476 637; baseline -0.004 -19"><span class='ocrx_word' id='word_1_5' title='bbox 522 545 725 619; x_wconf 86' lang='lat' dir='ltr'>Mare</span> <span class='ocrx_word' id='word_1_6' title='bbox 756 539 1236 613; x_wconf 82' lang='lat' dir='ltr'>Hadriaticum</span> <span class='ocrx_word' id='word_1_7' title='bbox 1266 537 1335 608; x_wconf 87' lang='lat' dir='ltr'>in</span> <span class='ocrx_word' id='word_1_8' title='bbox 1366 536 1629 612; x_wconf 87' lang='lat' dir='ltr'>Littore</span> <span class='ocrx_word' id='word_1_9' title='bbox 1657 537 2070 609; x_wconf 79' lang='lat' dir='ltr'>Ariminensi</span> <span class='ocrx_word' id='word_1_10' title='bbox 2098 535 2330 608; x_wconf 83' lang='lat' dir='ltr'>ceteris</span> <span class='ocrx_word' id='word_1_11' title='bbox 2362 563 2476 637; x_wconf 61' lang='lat' dir='ltr'>pao·</span> 
     </span>
     <span class='ocr_line' id='line_1_4' title="bbox 627 641 2471 736; baseline -0.003 -19"><span class='ocrx_word' id='word_1_12' title='bbox 627 646 810 718; x_wconf 88' lang='lat' dir='ltr'>ribus</span> <span class='ocrx_word' id='word_1_13' title='bbox 836 647 1020 716; x_wconf 82' lang='lat' dir='ltr'>velut</span> <span class='ocrx_word' id='word_1_14' title='bbox 1044 645 1356 716; x_wconf 87' lang='lat' dir='ltr'>Flumina</span> <span class='ocrx_word' id='word_1_15' title='bbox 1382 699 1401 734; x_wconf 78' lang='grc'>,</span> <span class='ocrx_word' id='word_1_16' title='bbox 1437 645 1811 714; x_wconf 83' lang='lat' dir='ltr'>Torrentes</span> <span class='ocrx_word' id='word_1_17' title='bbox 1838 699 1855 734; x_wconf 85' lang='grc'>,</span> <span class='ocrx_word' id='word_1_18' title='bbox 1884 641 1952 716; x_wconf 69' lang='grc' dir='ltr'>δε</span> <span class='ocrx_word' id='word_1_19' title='bbox 1980 644 2190 712; x_wconf 87' lang='lat' dir='ltr'>Lacus</span> <span class='ocrx_word' id='word_1_20' title='bbox 2217 669 2471 736; x_wconf 76' lang='lat' dir='ltr'>omneS,</span> 
     </span>
     <span class='ocr_line' id='line_1_5' title="bbox 627 746 2368 853; baseline -0.002 -30"><span class='ocrx_word' id='word_1_21' title='bbox 627 754 776 852; x_wconf 90' lang='lat' dir='ltr'>plus</span> <span class='ocrx_word' id='word_1_22' title='bbox 805 754 1165 853; x_wconf 87' lang='lat' dir='ltr'>Aquarum</span> <span class='ocrx_word' id='word_1_23' title='bbox 1196 749 1502 823; x_wconf 79' lang='lat' dir='ltr'>continet</span> <span class='ocrx_word' id='word_1_24' title='bbox 1533 748 1785 820; x_wconf 86' lang='lat' dir='ltr'>Hieme</span> <span class='ocrx_word' id='word_1_25' title='bbox 1825 775 2031 848; x_wconf 87' lang='lat' dir='ltr'>quam</span> <span class='ocrx_word' id='word_1_26' title='bbox 2067 746 2328 819; x_wconf 79' lang='lat' dir='ltr'>Aestate</span> <span class='ocrx_word' id='word_1_27' title='bbox 2350 800 2368 819; x_wconf 91' lang='lat'><strong>.</strong></span> 
     </span>
    </p>
   </div>
   <div class='ocr_carea' id='block_1_3' title="bbox 1020 884 1979 979">
    <p class='ocr_par' dir='ltr' id='par_1_3' title="bbox 1020 884 1979 979">
     <span class='ocr_line' id='line_1_6' title="bbox 1020 884 1979 979; baseline -0.003 -16"><span class='ocrx_word' id='word_1_28' title='bbox 1020 884 1979 979; x_wconf 21' lang='lat' dir='ltr'>sCH-OLJVM.</span> 
     </span>
    </p>
   </div>
   <div class='ocr_carea' id='block_1_4' title="bbox 512 1006 2477 3513">
    <p class='ocr_par' dir='ltr' id='par_1_4' title="bbox 512 1006 2477 3513">
     <span class='ocr_line' id='line_1_7' title="bbox 526 1006 2475 1173; baseline -0.004 -90"><span class='ocrx_word' id='word_1_29' title='bbox 526 1025 644 1173; x_wconf 86' lang='lat' dir='ltr'>P</span> <span class='ocrx_word' id='word_1_30' title='bbox 669 1026 942 1101; x_wconf 87' lang='lat' dir='ltr'>Ropofitio</span> <span class='ocrx_word' id='word_1_31' title='bbox 970 1025 1102 1081; x_wconf 87' lang='lat' dir='ltr'>haec</span> <span class='ocrx_word' id='word_1_32' title='bbox 1131 1065 1146 1094; x_wconf 85' lang='lat'>,</span> <span class='ocrx_word' id='word_1_33' title='bbox 1191 1043 1349 1097; x_wconf 89' lang='lat' dir='ltr'>quam</span> <span class='ocrx_word' id='word_1_34' title='bbox 1380 1024 1537 1078; x_wconf 85' lang='lat' dir='ltr'>instar</span> <span class='ocrx_word' id='word_1_35' title='bbox 1565 1024 1861 1078; x_wconf 88' lang='lat' dir='ltr'>Lemmatis</span> <span class='ocrx_word' id='word_1_36' title='bbox 1889 1006 2155 1094; x_wconf 68' lang='lat' dir='ltr'>cujusdam</span> <span class='ocrx_word' id='word_1_37' title='bbox 2197 1020 2262 1076; x_wconf 86' lang='lat' dir='ltr'>ad</span> <span class='ocrx_word' id='word_1_38' title='bbox 2289 1021 2475 1078; x_wconf 77' lang='lat' dir='ltr'>melius</span> 
     </span>
     <span class='ocr_line' id='line_1_8' title="bbox 697 1097 2476 1180; baseline -0.004 -20"><span class='ocrx_word' id='word_1_39' title='bbox 697 1104 1034 1167; x_wconf 82' lang='lat' dir='ltr'>declarandas</span> <span class='ocrx_word' id='word_1_40' title='bbox 1064 1103 1442 1180; x_wconf 81' lang='lat' dir='ltr'>Propofitiones</span> <span class='ocrx_word' id='word_1_41' title='bbox 1470 1101 1762 1174; x_wconf 83' lang='lat' dir='ltr'>sequenteis</span> <span class='ocrx_word' id='word_1_42' title='bbox 1790 1102 1872 1155; x_wconf 69' lang='lat' dir='ltr'>hic</span> <span class='ocrx_word' id='word_1_43' title='bbox 1900 1102 2171 1174; x_wconf 82' lang='lat' dir='ltr'>ponimus,</span> <span class='ocrx_word' id='word_1_44' title='bbox 2209 1102 2380 1174; x_wconf 83' lang='lat' dir='ltr'>potius</span> <span class='ocrx_word' id='word_1_45' title='bbox 2408 1097 2476 1153; x_wconf 87' lang='lat' dir='ltr'>ad</span> 
     </span>
     <span class='ocr_line' id='line_1_9' title="bbox 528 1178 2476 1256; baseline -0.004 -18"><span class='ocrx_word' id='word_1_46' title='bbox 528 1187 688 1239; x_wconf 88' lang='lat' dir='ltr'>Mare</span> <span class='ocrx_word' id='word_1_47' title='bbox 723 1201 1001 1256; x_wconf 82' lang='lat' dir='ltr'><strong>tamquam</strong></span> <span class='ocrx_word' id='word_1_48' title='bbox 1030 1201 1284 1256; x_wconf 80' lang='lat' dir='ltr'>magnum</span> <span class='ocrx_word' id='word_1_49' title='bbox 1314 1182 1604 1241; x_wconf 82' lang='lat' dir='ltr'>Fluentum</span> <span class='ocrx_word' id='word_1_50' title='bbox 1633 1179 2013 1240; x_wconf 83' lang='lat' dir='ltr'>confide1·atum</span> <span class='ocrx_word' id='word_1_51' title='bbox 2032 1221 2047 1248; x_wconf 85' lang='lat'>,</span> <span class='ocrx_word' id='word_1_52' title='bbox 2075 1198 2233 1252; x_wconf 85' lang='lat' dir='ltr'>quam</span> <span class='ocrx_word' id='word_1_53' title='bbox 2265 1178 2328 1232; x_wconf 86' lang='lat' dir='ltr'>ad</span> <span class='ocrx_word' id='word_1_54' title='bbox 2356 1181 2476 1231; x_wconf 87' lang='lat' dir='ltr'>Ma-</span> 
     </span>
     <span class='ocr_line' id='line_1_10' title="bbox 527 1254 2477 1336; baseline -0.003 -21"><span class='ocrx_word' id='word_1_55' title='bbox 527 1279 585 1315; x_wconf 84' lang='lat' dir='ltr'>re</span> <span class='ocrx_word' id='word_1_56' title='bbox 612 1263 819 1336; x_wconf 79' lang='lat' dir='ltr'>proprie</span> <span class='ocrx_word' id='word_1_57' title='bbox 848 1262 1079 1315; x_wconf 86' lang='lat' dir='ltr'>sumtum</span> <span class='ocrx_word' id='word_1_58' title='bbox 1108 1262 1339 1333; x_wconf 75' lang='lat' dir='ltr'><strong>pertinet</strong></span> <span class='ocrx_word' id='word_1_59' title='bbox 1362 1300 1375 1313; x_wconf 87' lang='lat'>.</span> <span class='ocrx_word' id='word_1_60' title='bbox 1421 1263 1576 1314; x_wconf 86' lang='lat' dir='ltr'>Mare</span> <span class='ocrx_word' id='word_1_61' title='bbox 1606 1258 1751 1312; x_wconf 89' lang='lat' dir='ltr'>enim</span> <span class='ocrx_word' id='word_1_62' title='bbox 1779 1259 2010 1312; x_wconf 87' lang='lat' dir='ltr'>nostrum</span> <span class='ocrx_word' id='word_1_63' title='bbox 2041 1261 2238 1314; x_wconf 85' lang='lat' dir='ltr'>Hieme</span> <span class='ocrx_word' id='word_1_64' title='bbox 2268 1254 2477 1328; x_wconf 77' lang='lat' dir='ltr'>semper</span> 
     </span>
     <span class='ocr_line' id='line_1_11' title="bbox 524 1334 2473 1413; baseline -0.005 -19"><span class='ocrx_word' id='word_1_65' title='bbox 524 1341 698 1413; x_wconf 79' lang='lat' dir='ltr'>magis</span> <span class='ocrx_word' id='word_1_66' title='bbox 724 1340 993 1395; x_wconf 85' lang='lat' dir='ltr'>elevatum</span> <span class='ocrx_word' id='word_1_67' title='bbox 1021 1339 1124 1407; x_wconf 83' lang='lat' dir='ltr'>est,</span> <span class='ocrx_word' id='word_1_68' title='bbox 1151 1340 1201 1392; x_wconf 71' lang='grc' dir='ltr'>δε</span> <span class='ocrx_word' id='word_1_69' title='bbox 1229 1338 1362 1392; x_wconf 84' lang='lat' dir='ltr'>Vrbi</span> <span class='ocrx_word' id='word_1_70' title='bbox 1391 1337 1589 1391; x_wconf 86' lang='lat' dir='ltr'>nostrae</span> <span class='ocrx_word' id='word_1_71' title='bbox 1620 1338 1996 1409; x_wconf 80' lang='lat' dir='ltr'>proquinquius</span> <span class='ocrx_word' id='word_1_72' title='bbox 2032 1355 2191 1407; x_wconf 82' lang='lat' dir='ltr'>quam</span> <span class='ocrx_word' id='word_1_73' title='bbox 2222 1334 2436 1388; x_wconf 72' lang='lat' dir='ltr'>Aestate</span> <span class='ocrx_word' id='word_1_74' title='bbox 2453 1349 2473 1402; x_wconf 80' lang='lat'>3</span> 
     </span>
     <span class='ocr_line' id='line_1_12' title="bbox 524 1411 2477 1490; baseline -0.004 -20"><span class='ocrx_word' id='word_1_75' title='bbox 524 1416 692 1489; x_wconf 89' lang='lat' dir='ltr'>quue</span> <span class='ocrx_word' id='word_1_76' title='bbox 734 1433 989 1490; x_wconf 87' lang='lat' dir='ltr'>perpetuo</span> <span class='ocrx_word' id='word_1_77' title='bbox 1029 1436 1124 1490; x_wconf 90' lang='lat' dir='ltr'>per</span> <span class='ocrx_word' id='word_1_78' title='bbox 1165 1417 1585 1489; x_wconf 77' lang='lat' dir='ltr'>quinquennium</span> <span class='ocrx_word' id='word_1_79' title='bbox 1629 1416 1972 1486; x_wconf 77' lang='lat' dir='ltr'>cognovimus</span> <span class='ocrx_word' id='word_1_80' title='bbox 2012 1432 2080 1468; x_wconf 81' lang='lat' dir='ltr'>ex</span> <span class='ocrx_word' id='word_1_81' title='bbox 2123 1414 2285 1467; x_wconf 86' lang='lat' dir='ltr'>Notis</span> <span class='ocrx_word' id='word_1_82' title='bbox 2329 1411 2431 1471; x_wconf 78' lang='lat' dir='ltr'>illis</span> <span class='ocrx_word' id='word_1_83' title='bbox 2457 1449 2477 1479; x_wconf 77' lang='lat'>‚</span> 
     </span>
     <span class='ocr_line' id='line_1_13' title="bbox 512 1487 2477 1568; baseline -0.003 -21"><span class='ocrx_word' id='word_1_84' title='bbox 512 1501 656 1568; x_wconf 65' lang='lat' dir='ltr'>&#39;quas</span> <span class='ocrx_word' id='word_1_85' title='bbox 682 1498 844 1548; x_wconf 90' lang='lat' dir='ltr'>Muro</span> <span class='ocrx_word' id='word_1_86' title='bbox 874 1493 1114 1550; x_wconf 84' lang='lat' dir='ltr'>interiori</span> <span class='ocrx_word' id='word_1_87' title='bbox 1141 1531 1158 1561; x_wconf 83' lang='lat'>‚</span> <span class='ocrx_word' id='word_1_88' title='bbox 1199 1493 1248 1544; x_wconf 72' lang='grc' dir='ltr'>δ(</span> <span class='ocrx_word' id='word_1_89' title='bbox 1277 1493 1413 1546; x_wconf 87' lang='lat' dir='ltr'>Palis</span> <span class='ocrx_word' id='word_1_90' title='bbox 1441 1492 1791 1545; x_wconf 69' lang='lat' dir='ltr'>exterioribus</span> <span class='ocrx_word' id='word_1_91' title='bbox 1831 1493 2014 1546; x_wconf 85' lang='lat' dir='ltr'>Portus</span> <span class='ocrx_word' id='word_1_92' title='bbox 2042 1490 2200 1542; x_wconf 85' lang='lat' dir='ltr'>nostri</span> <span class='ocrx_word' id='word_1_93' title='bbox 2243 1487 2477 1560; x_wconf 77' lang='lat' dir='ltr'>apposui-</span> 
     </span>
     <span class='ocr_line' id='line_1_14' title="bbox 525 1567 2472 1644; baseline -0.005 -16"><span class='ocrx_word' id='word_1_94' title='bbox 525 1591 676 1628; x_wconf 81' lang='lat' dir='ltr'>mus,</span> <span class='ocrx_word' id='word_1_95' title='bbox 721 1573 836 1625; x_wconf 86' lang='lat' dir='ltr'>Alii</span> <span class='ocrx_word' id='word_1_96' title='bbox 862 1572 1118 1627; x_wconf 86' lang='lat' dir='ltr'>videbunt</span> <span class='ocrx_word' id='word_1_97' title='bbox 1160 1586 1339 1627; x_wconf 86' lang='lat' dir='ltr'>utrum</span> <span class='ocrx_word' id='word_1_98' title='bbox 1381 1569 1479 1630; x_wconf 86' lang='lat' dir='ltr'>hoc</span> <span class='ocrx_word' id='word_1_99' title='bbox 1521 1569 1794 1643; x_wconf 76' lang='lat' dir='ltr'>contingat</span> <span class='ocrx_word' id='word_1_100' title='bbox 1837 1585 2052 1644; x_wconf 88' lang='lat' dir='ltr'>propter</span> <span class='ocrx_word' id='word_1_101' title='bbox 2094 1567 2314 1637; x_wconf 83' lang='lat' dir='ltr'>majores</span> <span class='ocrx_word' id='word_1_102' title='bbox 2357 1567 2472 1619; x_wconf 86' lang='lat' dir='ltr'>Plu-</span> 
     </span>
     <span class='ocr_line' id='line_1_15' title="bbox 525 1645 2475 1723; baseline -0.004 -17"><span class='ocrx_word' id='word_1_103' title='bbox 525 1653 669 1718; x_wconf 69' lang='lat' dir='ltr'>viaS‚</span> <span class='ocrx_word' id='word_1_104' title='bbox 709 1651 759 1702; x_wconf 78' lang='lat'>8&lt;</span> <span class='ocrx_word' id='word_1_105' title='bbox 785 1666 1002 1723; x_wconf 85' lang='lat' dir='ltr'>propter</span> <span class='ocrx_word' id='word_1_106' title='bbox 1029 1648 1312 1722; x_wconf 76' lang='lat' dir='ltr'>ingressum</span> <span class='ocrx_word' id='word_1_107' title='bbox 1341 1647 1598 1719; x_wconf 87' lang='lat' dir='ltr'>majorem</span> <span class='ocrx_word' id='word_1_108' title='bbox 1628 1648 1910 1719; x_wconf 84' lang='lat' dir='ltr'>Aquarum</span> <span class='ocrx_word' id='word_1_109' title='bbox 1938 1647 2247 1700; x_wconf 85' lang='lat' dir='ltr'>Fluminum</span> <span class='ocrx_word' id='word_1_110' title='bbox 2274 1646 2329 1698; x_wconf 89' lang='lat' dir='ltr'>in</span> <span class='ocrx_word' id='word_1_111' title='bbox 2357 1645 2475 1702; x_wconf 87' lang='lat' dir='ltr'>Ma-</span> 
     </span>
     <span class='ocr_line' id='line_1_16' title="bbox 525 1723 2474 1800; baseline -0.004 -17"><span class='ocrx_word' id='word_1_112' title='bbox 525 1747 583 1790; x_wconf 75' lang='lat' dir='ltr'>re</span> <span class='ocrx_word' id='word_1_113' title='bbox 611 1730 808 1783; x_wconf 84' lang='lat' dir='ltr'>Hieme</span> <span class='ocrx_word' id='word_1_114' title='bbox 837 1746 999 1800; x_wconf 86' lang='lat' dir='ltr'>quam</span> <span class='ocrx_word' id='word_1_115' title='bbox 1033 1727 1249 1781; x_wconf 87' lang='lat' dir='ltr'>Aestate</span> <span class='ocrx_word' id='word_1_116' title='bbox 1278 1743 1295 1795; x_wconf 87' lang='lat'>;</span> <span class='ocrx_word' id='word_1_117' title='bbox 1341 1728 1430 1779; x_wconf 83' lang='lat' dir='ltr'>An</span> <span class='ocrx_word' id='word_1_118' title='bbox 1471 1741 1689 1798; x_wconf 85' lang='lat' dir='ltr'>propter</span> <span class='ocrx_word' id='word_1_119' title='bbox 1730 1727 1994 1778; x_wconf 84' lang='lat' dir='ltr'>minorem</span> <span class='ocrx_word' id='word_1_120' title='bbox 2036 1723 2474 1796; x_wconf 79' lang='lat' dir='ltr'>evaporationem</span> 
     </span>
     <span class='ocr_line' id='line_1_17' title="bbox 524 1801 2475 1880; baseline -0.002 -20"><span class='ocrx_word' id='word_1_121' title='bbox 524 1809 805 1880; x_wconf 82' lang='lat' dir='ltr'>Aquarum</span> <span class='ocrx_word' id='word_1_122' title='bbox 831 1806 1000 1861; x_wconf 87' lang='lat' dir='ltr'>Maris</span> <span class='ocrx_word' id='word_1_123' title='bbox 1028 1825 1058 1861; x_wconf 89' lang='lat' dir='ltr'>a</span> <span class='ocrx_word' id='word_1_124' title='bbox 1085 1805 1244 1863; x_wconf 79' lang='lat' dir='ltr'>radiis</span> <span class='ocrx_word' id='word_1_125' title='bbox 1263 1804 1526 1860; x_wconf 83' lang='lat' dir='ltr'>Solaribus</span> <span class='ocrx_word' id='word_1_126' title='bbox 1555 1801 1754 1857; x_wconf 65' lang='lat' dir='ltr'>farfi&#39;tam</span> <span class='ocrx_word' id='word_1_127' title='bbox 1782 1804 2024 1858; x_wconf 86' lang='lat' dir='ltr'>Hiberno</span> <span class='ocrx_word' id='word_1_128' title='bbox 2044 1818 2283 1875; x_wconf 88' lang='lat' dir='ltr'>tempore</span> <span class='ocrx_word' id='word_1_129' title='bbox 2312 1818 2475 1872; x_wconf 86' lang='lat' dir='ltr'>quam</span> 
     </span>
     <span class='ocr_line' id='line_1_18' title="bbox 522 1879 2477 1955; baseline -0.004 -15"><span class='ocrx_word' id='word_1_130' title='bbox 522 1885 741 1940; x_wconf 77' lang='lat' dir='ltr'>Aestivo</span> <span class='ocrx_word' id='word_1_131' title='bbox 768 1926 780 1938; x_wconf 89' lang='lat'><strong>.</strong></span> <span class='ocrx_word' id='word_1_132' title='bbox 825 1883 1086 1939; x_wconf 87' lang='lat' dir='ltr'>Nostrum</span> <span class='ocrx_word' id='word_1_133' title='bbox 1129 1883 1283 1937; x_wconf 84' lang='lat' dir='ltr'>modo</span> <span class='ocrx_word' id='word_1_134' title='bbox 1325 1881 1396 1937; x_wconf 86' lang='lat' dir='ltr'>est</span> <span class='ocrx_word' id='word_1_135' title='bbox 1437 1879 1852 1936; x_wconf 82' lang='lat' dir='ltr'>Observationes</span> <span class='ocrx_word' id='word_1_136' title='bbox 1892 1883 2172 1955; x_wconf 76' lang='lat' dir='ltr'>praecipue</span> <span class='ocrx_word' id='word_1_137' title='bbox 2201 1920 2218 1948; x_wconf 85' lang='lat'>‚</span> <span class='ocrx_word' id='word_1_138' title='bbox 2257 1881 2308 1932; x_wconf 81' lang='lat'>8&lt;</span> <span class='ocrx_word' id='word_1_139' title='bbox 2335 1897 2477 1951; x_wconf 87' lang='lat' dir='ltr'>quae</span> 
     </span>
     <span class='ocr_line' id='line_1_19' title="bbox 529 1955 2474 2037; baseline -0.004 -21"><span class='ocrx_word' id='word_1_140' title='bbox 529 1965 732 2037; x_wconf 88' lang='lat' dir='ltr'>patitur</span> <span class='ocrx_word' id='word_1_141' title='bbox 759 1965 915 2014; x_wconf 82' lang='lat' dir='ltr'>Mare</span> <span class='ocrx_word' id='word_1_142' title='bbox 946 1962 1173 2028; x_wconf 79' lang='lat' dir='ltr'>referre,</span> <span class='ocrx_word' id='word_1_143' title='bbox 1215 1980 1321 2015; x_wconf 88' lang='lat' dir='ltr'>non</span> <span class='ocrx_word' id='word_1_144' title='bbox 1347 1958 1668 2027; x_wconf 62' lang='lat' dir='ltr'>conjeffluras</span> <span class='ocrx_word' id='word_1_145' title='bbox 1697 1960 1995 2025; x_wconf 78' lang='lat' dir='ltr'>declarare,</span> <span class='ocrx_word' id='word_1_146' title='bbox 2036 1961 2085 2012; x_wconf 80' lang='lat'>8&lt;</span> <span class='ocrx_word' id='word_1_147' title='bbox 2114 1955 2474 2030; x_wconf 85' lang='lat' dir='ltr'>Hypotheseis</span> 
     </span>
     <span class='ocr_line' id='line_1_20' title="bbox 526 2033 2472 2112; baseline -0.002 -20"><span class='ocrx_word' id='word_1_148' title='bbox 526 2039 852 2112; x_wconf 79' lang='lat' dir='ltr'>confingere.</span> <span class='ocrx_word' id='word_1_149' title='bbox 897 2039 1060 2097; x_wconf 85' lang='lat' dir='ltr'>Certe</span> <span class='ocrx_word' id='word_1_150' title='bbox 1102 2036 1138 2093; x_wconf 79' lang='lat' dir='ltr'>si</span> <span class='ocrx_word' id='word_1_151' title='bbox 1181 2055 1249 2090; x_wconf 84' lang='lat' dir='ltr'>ex</span> <span class='ocrx_word' id='word_1_152' title='bbox 1277 2034 1509 2089; x_wconf 83' lang='lat' dir='ltr'>adventu</span> <span class='ocrx_word' id='word_1_153' title='bbox 1536 2033 1722 2104; x_wconf 86' lang='lat' dir='ltr'>majori</span> <span class='ocrx_word' id='word_1_154' title='bbox 1764 2036 2043 2106; x_wconf 87' lang='lat' dir='ltr'>Aquarum</span> <span class='ocrx_word' id='word_1_155' title='bbox 2084 2054 2178 2107; x_wconf 90' lang='lat' dir='ltr'>per</span> <span class='ocrx_word' id='word_1_156' title='bbox 2219 2034 2472 2088; x_wconf 84' lang='lat' dir='ltr'>Flumina</span> 
     </span>
     <span class='ocr_line' id='line_1_21' title="bbox 524 2112 2472 2185; baseline -0.004 -13"><span class='ocrx_word' id='word_1_157' title='bbox 524 2119 682 2172; x_wconf 89' lang='lat' dir='ltr'>Mare</span> <span class='ocrx_word' id='word_1_158' title='bbox 712 2117 909 2170; x_wconf 85' lang='lat' dir='ltr'>Hieme</span> <span class='ocrx_word' id='word_1_159' title='bbox 939 2113 1133 2169; x_wconf 85' lang='lat' dir='ltr'>crescat</span> <span class='ocrx_word' id='word_1_160' title='bbox 1161 2153 1178 2182; x_wconf 83' lang='lat'>,</span> <span class='ocrx_word' id='word_1_161' title='bbox 1222 2128 1431 2166; x_wconf 90' lang='lat' dir='ltr'>corruet</span> <span class='ocrx_word' id='word_1_162' title='bbox 1459 2112 1692 2179; x_wconf 85' lang='lat' dir='ltr'>celebre,</span> <span class='ocrx_word' id='word_1_163' title='bbox 1734 2112 1784 2164; x_wconf 78' lang='lat'>8&lt;</span> <span class='ocrx_word' id='word_1_164' title='bbox 1812 2112 2031 2185; x_wconf 77' lang='lat' dir='ltr'>vulgare</span> <span class='ocrx_word' id='word_1_165' title='bbox 2058 2112 2186 2166; x_wconf 87' lang='lat' dir='ltr'>illud</span> <span class='ocrx_word' id='word_1_166' title='bbox 2217 2113 2435 2166; x_wconf 79' lang='lat' dir='ltr'>effatum</span> <span class='ocrx_word' id='word_1_167' title='bbox 2453 2150 2472 2180; x_wconf 86' lang='lat'>,</span> 
     </span>
     <span class='ocr_line' id='line_1_22' title="bbox 523 2188 2469 2268; baseline -0.003 -20"><span class='ocrx_word' id='word_1_168' title='bbox 523 2194 666 2268; x_wconf 82' lang='lat' dir='ltr'>quod</span> <span class='ocrx_word' id='word_1_169' title='bbox 707 2197 862 2250; x_wconf 87' lang='lat' dir='ltr'>Mare</span> <span class='ocrx_word' id='word_1_170' title='bbox 906 2191 1136 2247; x_wconf 84' lang='lat' dir='ltr'>adventu</span> <span class='ocrx_word' id='word_1_171' title='bbox 1177 2208 1435 2246; x_wconf 85' lang='lat' dir='ltr'>novarum</span> <span class='ocrx_word' id='word_1_172' title='bbox 1463 2191 1744 2262; x_wconf 85' lang='lat' dir='ltr'>Aquarum</span> <span class='ocrx_word' id='word_1_173' title='bbox 1786 2188 1991 2263; x_wconf 84' lang='lat' dir='ltr'>semper</span> <span class='ocrx_word' id='word_1_174' title='bbox 2031 2190 2170 2246; x_wconf 90' lang='lat' dir='ltr'>idem</span> <span class='ocrx_word' id='word_1_175' title='bbox 2213 2204 2428 2244; x_wconf 88' lang='lat' dir='ltr'>maneat</span> <span class='ocrx_word' id='word_1_176' title='bbox 2453 2228 2469 2243; x_wconf 87' lang='lat'><strong>.</strong></span> 
     </span>
     <span class='ocr_line' id='line_1_23' title="bbox 524 2268 2472 2346; baseline -0.004 -18"><span class='ocrx_word' id='word_1_177' title='bbox 524 2275 716 2328; x_wconf 83' lang='lat' dir='ltr'>Manet</span> <span class='ocrx_word' id='word_1_178' title='bbox 761 2270 975 2346; x_wconf 88' lang='lat' dir='ltr'>quidem</span> <span class='ocrx_word' id='word_1_179' title='bbox 1017 2269 1225 2343; x_wconf 85' lang='lat' dir='ltr'>semper</span> <span class='ocrx_word' id='word_1_180' title='bbox 1265 2269 1404 2326; x_wconf 80' lang='lat' dir='ltr'>idern</span> <span class='ocrx_word' id='word_1_181' title='bbox 1448 2269 1607 2321; x_wconf 91' lang='lat' dir='ltr'>oculis</span> <span class='ocrx_word' id='word_1_182' title='bbox 1649 2268 1951 2341; x_wconf 77' lang='lat' dir='ltr'>vulgarium</span> <span class='ocrx_word' id='word_1_183' title='bbox 1979 2270 2277 2323; x_wconf 84' lang='lat' dir='ltr'>Hominum</span> <span class='ocrx_word' id='word_1_184' title='bbox 2310 2308 2327 2337; x_wconf 82' lang='lat'>,</span> <span class='ocrx_word' id='word_1_185' title='bbox 2367 2286 2472 2321; x_wconf 90' lang='lat' dir='ltr'>non</span> 
     </span>
     <span class='ocr_line' id='line_1_24' title="bbox 522 2344 2472 2423; baseline -0.004 -17"><span class='ocrx_word' id='word_1_186' title='bbox 522 2371 651 2406; x_wconf 60' lang='lat' dir='ltr'>vero</span> <span class='ocrx_word' id='word_1_187' title='bbox 678 2351 881 2423; x_wconf 86' lang='lat' dir='ltr'>semper</span> <span class='ocrx_word' id='word_1_188' title='bbox 907 2348 1049 2403; x_wconf 89' lang='lat' dir='ltr'>idem</span> <span class='ocrx_word' id='word_1_189' title='bbox 1076 2348 1311 2403; x_wconf 88' lang='lat' dir='ltr'>manebit</span> <span class='ocrx_word' id='word_1_190' title='bbox 1340 2344 1666 2419; x_wconf 73' lang='lat' dir='ltr'>Philosophis</span> <span class='ocrx_word' id='word_1_191' title='bbox 1693 2347 1742 2399; x_wconf 72' lang='lat'>8&lt;</span> <span class='ocrx_word' id='word_1_192' title='bbox 1772 2346 2174 2402; x_wconf 85' lang='lat' dir='ltr'>Mathematicis</span> <span class='ocrx_word' id='word_1_193' title='bbox 2200 2386 2216 2414; x_wconf 83' lang='lat'>,</span> <span class='ocrx_word' id='word_1_194' title='bbox 2258 2347 2348 2419; x_wconf 88' lang='lat' dir='ltr'>qui</span> <span class='ocrx_word' id='word_1_195' title='bbox 2389 2361 2472 2401; x_wconf 83' lang='lat' dir='ltr'>res</span> 
     </span>
     <span class='ocr_line' id='line_1_25' title="bbox 524 2423 2471 2500; baseline -0.002 -20"><span class='ocrx_word' id='word_1_196' title='bbox 524 2426 761 2481; x_wconf 88' lang='lat' dir='ltr'>subtilius</span> <span class='ocrx_word' id='word_1_197' title='bbox 785 2430 838 2485; x_wconf 74' lang='grc' dir='ltr'>δ(</span> <span class='ocrx_word' id='word_1_198' title='bbox 865 2428 1152 2482; x_wconf 81' lang='lat' dir='ltr'>accuratius</span> <span class='ocrx_word' id='word_1_199' title='bbox 1180 2424 1484 2500; x_wconf 82' lang='lat' dir='ltr'>expendunt</span> <span class='ocrx_word' id='word_1_200' title='bbox 1502 2464 1515 2477; x_wconf 89' lang='lat'><em>.</em></span> <span class='ocrx_word' id='word_1_201' title='bbox 1544 2424 1880 2479; x_wconf 84' lang='lat' dir='ltr'>Cartefianus</span> <span class='ocrx_word' id='word_1_202' title='bbox 1912 2426 2099 2498; x_wconf 85' lang='lat' dir='ltr'>aliquis</span> <span class='ocrx_word' id='word_1_203' title='bbox 2128 2423 2471 2497; x_wconf 86' lang='lat' dir='ltr'>Philosophus</span> 
     </span>
     <span class='ocr_line' id='line_1_26' title="bbox 522 2501 2468 2575; baseline -0.003 -16"><span class='ocrx_word' id='word_1_204' title='bbox 522 2505 641 2560; x_wconf 88' lang='lat' dir='ltr'>heic</span> <span class='ocrx_word' id='word_1_205' title='bbox 668 2505 875 2561; x_wconf 78' lang='lat' dir='ltr'>fortasse</span> <span class='ocrx_word' id='word_1_206' title='bbox 902 2505 1175 2559; x_wconf 88' lang='lat' dir='ltr'>concludat</span> <span class='ocrx_word' id='word_1_207' title='bbox 1205 2505 1329 2559; x_wconf 82' lang='lat' dir='ltr'>licet</span> <span class='ocrx_word' id='word_1_208' title='bbox 1356 2543 1372 2572; x_wconf 84' lang='lat'>‚</span> <span class='ocrx_word' id='word_1_209' title='bbox 1415 2504 1597 2575; x_wconf 85' lang='lat' dir='ltr'>Aquas</span> <span class='ocrx_word' id='word_1_210' title='bbox 1632 2503 1800 2560; x_wconf 84' lang='lat' dir='ltr'>Maris</span> <span class='ocrx_word' id='word_1_211' title='bbox 1829 2521 1858 2557; x_wconf 88' lang='lat' dir='ltr'>a</span> <span class='ocrx_word' id='word_1_212' title='bbox 1887 2501 2044 2559; x_wconf 89' lang='lat' dir='ltr'>Disco</span> <span class='ocrx_word' id='word_1_213' title='bbox 2075 2503 2204 2556; x_wconf 84' lang='lat' dir='ltr'>Solis</span> <span class='ocrx_word' id='word_1_214' title='bbox 2245 2520 2350 2554; x_wconf 88' lang='lat' dir='ltr'>non</span> <span class='ocrx_word' id='word_1_215' title='bbox 2393 2516 2468 2557; x_wconf 86' lang='lat' dir='ltr'>at-</span> 
     </span>
     <span class='ocr_line' id='line_1_27' title="bbox 523 2577 2471 2653; baseline -0.003 -16"><span class='ocrx_word' id='word_1_216' title='bbox 523 2583 669 2638; x_wconf 87' lang='lat' dir='ltr'>trahi</span> <span class='ocrx_word' id='word_1_217' title='bbox 697 2624 713 2652; x_wconf 84' lang='lat'>,</span> <span class='ocrx_word' id='word_1_218' title='bbox 754 2598 812 2637; x_wconf 87' lang='lat' dir='ltr'>ut</span> <span class='ocrx_word' id='word_1_219' title='bbox 839 2582 1162 2637; x_wconf 87' lang='lat' dir='ltr'>contendunt</span> <span class='ocrx_word' id='word_1_220' title='bbox 1194 2582 1475 2636; x_wconf 84' lang='lat' dir='ltr'>NeWtoni</span> <span class='ocrx_word' id='word_1_221' title='bbox 1502 2577 1762 2652; x_wconf 81' lang='lat' dir='ltr'>Discipuli</span> <span class='ocrx_word' id='word_1_222' title='bbox 1791 2597 1807 2649; x_wconf 81' lang='lat'>3</span> <span class='ocrx_word' id='word_1_223' title='bbox 1851 2581 1974 2653; x_wconf 87' lang='lat' dir='ltr'>quia</span> <span class='ocrx_word' id='word_1_224' title='bbox 2003 2599 2168 2653; x_wconf 88' lang='lat' dir='ltr'>quum</span> <span class='ocrx_word' id='word_1_225' title='bbox 2194 2579 2471 2653; x_wconf 78' lang='lat' dir='ltr'>depressius</span> 
     </span>
     <span class='ocr_line' id='line_1_28' title="bbox 521 2657 2471 2735; baseline -0.002 -20"><span class='ocrx_word' id='word_1_226' title='bbox 521 2660 584 2723; x_wconf 76' lang='lat' dir='ltr'>fit</span> <span class='ocrx_word' id='word_1_227' title='bbox 610 2665 767 2720; x_wconf 81' lang='lat' dir='ltr'>Mare</span> <span class='ocrx_word' id='word_1_228' title='bbox 811 2662 946 2735; x_wconf 91' lang='lat' dir='ltr'>apud</span> <span class='ocrx_word' id='word_1_229' title='bbox 974 2663 1089 2715; x_wconf 89' lang='lat' dir='ltr'>Nos</span> <span class='ocrx_word' id='word_1_230' title='bbox 1132 2658 1338 2732; x_wconf 85' lang='lat' dir='ltr'>quando</span> <span class='ocrx_word' id='word_1_231' title='bbox 1365 2658 1451 2716; x_wconf 86' lang='lat' dir='ltr'>Sol</span> <span class='ocrx_word' id='word_1_232' title='bbox 1494 2659 1661 2731; x_wconf 78' lang='lat' dir='ltr'>magis</span> <span class='ocrx_word' id='word_1_233' title='bbox 1702 2660 1752 2711; x_wconf 79' lang='lat'>8&lt;</span> <span class='ocrx_word' id='word_1_234' title='bbox 1779 2657 1971 2716; x_wconf 84' lang='lat' dir='ltr'>diutius</span> <span class='ocrx_word' id='word_1_235' title='bbox 2011 2659 2199 2714; x_wconf 81' lang='lat' dir='ltr'>vertici</span> <span class='ocrx_word' id='word_1_236' title='bbox 2239 2658 2291 2711; x_wconf 72' lang='grc' dir='ltr'>δε</span> <span class='ocrx_word' id='word_1_237' title='bbox 2333 2657 2471 2712; x_wconf 84' lang='lat' dir='ltr'>mari</span> 
     </span>
     <span class='ocr_line' id='line_1_29' title="bbox 520 2735 2472 2811; baseline -0.001 -19"><span class='ocrx_word' id='word_1_238' title='bbox 520 2739 692 2794; x_wconf 84' lang='lat' dir='ltr'>nostro</span> <span class='ocrx_word' id='word_1_239' title='bbox 719 2740 1010 2806; x_wconf 84' lang='lat' dir='ltr'>incumbit,</span> <span class='ocrx_word' id='word_1_240' title='bbox 1050 2753 1107 2793; x_wconf 88' lang='lat' dir='ltr'>ut</span> <span class='ocrx_word' id='word_1_241' title='bbox 1136 2738 1324 2792; x_wconf 88' lang='lat' dir='ltr'>accidit</span> <span class='ocrx_word' id='word_1_242' title='bbox 1350 2735 1597 2805; x_wconf 84' lang='lat' dir='ltr'>Aestate,</span> <span class='ocrx_word' id='word_1_243' title='bbox 1640 2756 1801 2809; x_wconf 84' lang='lat' dir='ltr'>quam</span> <span class='ocrx_word' id='word_1_244' title='bbox 1829 2736 2037 2811; x_wconf 86' lang='lat' dir='ltr'>quando</span> <span class='ocrx_word' id='word_1_245' title='bbox 2067 2737 2257 2794; x_wconf 74' lang='lat' dir='ltr'>vertici</span> <span class='ocrx_word' id='word_1_246' title='bbox 2285 2737 2338 2789; x_wconf 77' lang='lat'>8&lt;</span> <span class='ocrx_word' id='word_1_247' title='bbox 2362 2754 2472 2791; x_wconf 89' lang='lat' dir='ltr'>ma-</span> 
     </span>
     <span class='ocr_line' id='line_1_30' title="bbox 520 2815 2472 2891; baseline -0.003 -20"><span class='ocrx_word' id='word_1_248' title='bbox 520 2818 566 2871; x_wconf 81' lang='lat' dir='ltr'>ri</span> <span class='ocrx_word' id='word_1_249' title='bbox 608 2819 926 2891; x_wconf 87' lang='lat' dir='ltr'>Populorum</span> <span class='ocrx_word' id='word_1_250' title='bbox 967 2815 1367 2890; x_wconf 86' lang='lat' dir='ltr'>Hemisphaerii</span> <span class='ocrx_word' id='word_1_251' title='bbox 1407 2815 1665 2871; x_wconf 81' lang='lat' dir='ltr'>inferioris</span> <span class='ocrx_word' id='word_1_252' title='bbox 1689 2855 1705 2883; x_wconf 83' lang='lat'>‚</span> <span class='ocrx_word' id='word_1_253' title='bbox 1746 2831 1803 2869; x_wconf 88' lang='lat' dir='ltr'>ut</span> <span class='ocrx_word' id='word_1_254' title='bbox 1838 2818 2039 2871; x_wconf 87' lang='lat' dir='ltr'>Hieme</span> <span class='ocrx_word' id='word_1_255' title='bbox 2068 2835 2085 2887; x_wconf 78' lang='lat'>3</span> <span class='ocrx_word' id='word_1_256' title='bbox 2129 2815 2182 2870; x_wconf 90' lang='lat' dir='ltr'>id</span> <span class='ocrx_word' id='word_1_257' title='bbox 2213 2815 2328 2870; x_wconf 83' lang='lat' dir='ltr'>fieri</span> <span class='ocrx_word' id='word_1_258' title='bbox 2365 2830 2472 2868; x_wconf 85' lang='lat' dir='ltr'>non</span> 
     </span>
     <span class='ocr_line' id='line_1_31' title="bbox 520 2891 2470 2969; baseline -0.002 -20"><span class='ocrx_word' id='word_1_259' title='bbox 520 2896 687 2968; x_wconf 71' lang='lat' dir='ltr'>posse,</span> <span class='ocrx_word' id='word_1_260' title='bbox 729 2896 948 2950; x_wconf 78' lang='lat' dir='ltr'>assumet</span> <span class='ocrx_word' id='word_1_261' title='bbox 976 2896 1312 2952; x_wconf 70' lang='lat' dir='ltr'>,Cartefianus</span> <span class='ocrx_word' id='word_1_262' title='bbox 1337 2934 1353 2962; x_wconf 84' lang='lat'>‚</span> <span class='ocrx_word' id='word_1_263' title='bbox 1395 2891 1733 2949; x_wconf 65' lang='lat' dir='ltr'>Atti-afflone</span> <span class='ocrx_word' id='word_1_264' title='bbox 1764 2894 1991 2967; x_wconf 77' lang='lat' dir='ltr'>quadam</span> <span class='ocrx_word' id='word_1_265' title='bbox 2014 2935 2031 2966; x_wconf 79' lang='lat'>‚</span> <span class='ocrx_word' id='word_1_266' title='bbox 2073 2913 2236 2969; x_wconf 89' lang='lat' dir='ltr'>quum</span> <span class='ocrx_word' id='word_1_267' title='bbox 2263 2906 2470 2948; x_wconf 83' lang='lat' dir='ltr'>contra-</span> 
     </span>
     <span class='ocr_line' id='line_1_32' title="bbox 517 2971 2469 3047; baseline -0.002 -21"><span class='ocrx_word' id='word_1_268' title='bbox 517 2974 656 3028; x_wconf 87' lang='lat' dir='ltr'>rium</span> <span class='ocrx_word' id='word_1_269' title='bbox 698 2976 1017 3047; x_wconf 75' lang='lat' dir='ltr'>contingat,</span> <span class='ocrx_word' id='word_1_270' title='bbox 1059 2992 1220 3046; x_wconf 86' lang='lat' dir='ltr'>quam</span> <span class='ocrx_word' id='word_1_271' title='bbox 1264 2973 1569 3045; x_wconf 79' lang='lat' dir='ltr'>contingere</span> <span class='ocrx_word' id='word_1_272' title='bbox 1611 2972 1828 3027; x_wconf 89' lang='lat' dir='ltr'>deberet</span> <span class='ocrx_word' id='word_1_273' title='bbox 1860 3014 1873 3026; x_wconf 90' lang='lat'>.</span> <span class='ocrx_word' id='word_1_274' title='bbox 1921 2971 2260 3029; x_wconf 69' lang='lat' dir='ltr'>Attraffione</span> <span class='ocrx_word' id='word_1_275' title='bbox 2304 2971 2469 3046; x_wconf 81' lang='lat' dir='ltr'>igitur</span> 
     </span>
     <span class='ocr_line' id='line_1_33' title="bbox 525 3047 2469 3124; baseline -0.001 -20"><span class='ocrx_word' id='word_1_276' title='bbox 525 3052 797 3108; x_wconf 89' lang='lat' dir='ltr'>concludet</span> <span class='ocrx_word' id='word_1_277' title='bbox 824 3051 1159 3114; x_wconf 77' lang='lat' dir='ltr'>Cartelianus</span> <span class='ocrx_word' id='word_1_278' title='bbox 1193 3051 1362 3105; x_wconf 85' lang='lat' dir='ltr'>Maris</span> <span class='ocrx_word' id='word_1_279' title='bbox 1404 3069 1485 3103; x_wconf 89' lang='lat' dir='ltr'>res</span> <span class='ocrx_word' id='word_1_280' title='bbox 1512 3069 1615 3103; x_wconf 84' lang='lat' dir='ltr'>non</span> <span class='ocrx_word' id='word_1_281' title='bbox 1643 3066 1895 3124; x_wconf 79' lang='lat' dir='ltr'>geruntur</span> <span class='ocrx_word' id='word_1_282' title='bbox 1925 3091 1939 3119; x_wconf 82' lang='lat'>‚</span> <span class='ocrx_word' id='word_1_283' title='bbox 1981 3050 2066 3106; x_wconf 86' lang='lat' dir='ltr'>sed</span> <span class='ocrx_word' id='word_1_284' title='bbox 2095 3047 2330 3124; x_wconf 86' lang='lat' dir='ltr'>Impulsu</span> <span class='ocrx_word' id='word_1_285' title='bbox 2361 3088 2377 3118; x_wconf 83' lang='lat'>,</span> <span class='ocrx_word' id='word_1_286' title='bbox 2419 3049 2469 3101; x_wconf 72' lang='grc' dir='ltr'>δε</span> 
     </span>
     <span class='ocr_line' id='line_1_34' title="bbox 521 3126 2468 3204; baseline -0.001 -23"><span class='ocrx_word' id='word_1_287' title='bbox 521 3130 941 3204; x_wconf 83' lang='lat' dir='ltr'>Compreffione.</span> <span class='ocrx_word' id='word_1_288' title='bbox 985 3130 1089 3183; x_wconf 91' lang='lat' dir='ltr'>Cui</span> <span class='ocrx_word' id='word_1_289' title='bbox 1120 3144 1356 3184; x_wconf 87' lang='lat' dir='ltr'>occurret</span> <span class='ocrx_word' id='word_1_290' title='bbox 1382 3129 1650 3182; x_wconf 81' lang='lat' dir='ltr'>Newtoni</span> <span class='ocrx_word' id='word_1_291' title='bbox 1680 3128 2006 3201; x_wconf 78' lang='lat' dir='ltr'>DiscipuluS,</span> <span class='ocrx_word' id='word_1_292' title='bbox 2035 3130 2084 3182; x_wconf 80' lang='lat'>8&lt;</span> <span class='ocrx_word' id='word_1_293' title='bbox 2114 3149 2219 3183; x_wconf 91' lang='lat' dir='ltr'>non</span> <span class='ocrx_word' id='word_1_294' title='bbox 2251 3126 2468 3201; x_wconf 80' lang='lat' dir='ltr'>negabit</span> 
     </span>
     <span class='ocr_line' id='line_1_35' title="bbox 520 3204 2466 3281; baseline -0.001 -23"><span class='ocrx_word' id='word_1_295' title='bbox 520 3208 733 3278; x_wconf 80' lang='lat' dir='ltr'>quidem</span> <span class='ocrx_word' id='word_1_296' title='bbox 760 3207 976 3266; x_wconf 84' lang='lat' dir='ltr'>Aestivo</span> <span class='ocrx_word' id='word_1_297' title='bbox 1004 3223 1243 3281; x_wconf 83' lang='lat' dir='ltr'>tempore</span> <span class='ocrx_word' id='word_1_298' title='bbox 1274 3206 1450 3261; x_wconf 83' lang='lat' dir='ltr'>Solem</span> <span class='ocrx_word' id='word_1_299' title='bbox 1475 3207 1642 3280; x_wconf 76' lang='lat' dir='ltr'>magis</span> <span class='ocrx_word' id='word_1_300' title='bbox 1672 3208 1722 3264; x_wconf 72' lang='grc' dir='ltr'>,δε</span> <span class='ocrx_word' id='word_1_301' title='bbox 1755 3206 1946 3265; x_wconf 85' lang='lat' dir='ltr'>diutius</span> <span class='ocrx_word' id='word_1_302' title='bbox 1967 3247 1982 3276; x_wconf 81' lang='lat'>‚</span> <span class='ocrx_word' id='word_1_303' title='bbox 2023 3208 2072 3260; x_wconf 78' lang='lat'>8&lt;</span> <span class='ocrx_word' id='word_1_304' title='bbox 2102 3208 2166 3262; x_wconf 87' lang='lat' dir='ltr'>ad</span> <span class='ocrx_word' id='word_1_305' title='bbox 2192 3204 2466 3280; x_wconf 77' lang='lat' dir='ltr'>perpendi-</span> 
     </span>
     <span class='ocr_line' id='line_1_36' title="bbox 523 3282 2464 3357; baseline -0.001 -21"><span class='ocrx_word' id='word_1_306' title='bbox 523 3283 700 3336; x_wconf 87' lang='lat' dir='ltr'>culum</span> <span class='ocrx_word' id='word_1_307' title='bbox 738 3287 846 3340; x_wconf 85' lang='lat' dir='ltr'>fere</span> <span class='ocrx_word' id='word_1_308' title='bbox 872 3287 1061 3340; x_wconf 81' lang='lat' dir='ltr'>vertici</span> <span class='ocrx_word' id='word_1_309' title='bbox 1095 3287 1143 3338; x_wconf 77' lang='lat'>8&lt;</span> <span class='ocrx_word' id='word_1_310' title='bbox 1170 3286 1316 3340; x_wconf 89' lang='lat' dir='ltr'>Mari</span> <span class='ocrx_word' id='word_1_311' title='bbox 1341 3283 1511 3345; x_wconf 86' lang='lat' dir='ltr'>nostro</span> <span class='ocrx_word' id='word_1_312' title='bbox 1543 3284 1847 3345; x_wconf 84' lang='lat' dir='ltr'>incumbere</span> <span class='ocrx_word' id='word_1_313' title='bbox 1877 3303 1896 3355; x_wconf 77' lang='lat'>3</span> <span class='ocrx_word' id='word_1_314' title='bbox 1941 3289 2144 3341; x_wconf 89' lang='lat' dir='ltr'>Verum</span> <span class='ocrx_word' id='word_1_315' title='bbox 2173 3302 2338 3357; x_wconf 83' lang='lat' dir='ltr'>quum</span> <span class='ocrx_word' id='word_1_316' title='bbox 2366 3282 2464 3336; x_wconf 88' lang='lat' dir='ltr'>hoc</span> 
     </span>
     <span class='ocr_line' id='line_1_37' title="bbox 516 3360 2464 3439; baseline 0.003 -27"><span class='ocrx_word' id='word_1_317' title='bbox 516 3374 754 3436; x_wconf 51' lang='lat' dir='ltr'>,tempore</span> <span class='ocrx_word' id='word_1_318' title='bbox 795 3362 881 3417; x_wconf 82' lang='lat' dir='ltr'>Sol</span> <span class='ocrx_word' id='word_1_319' title='bbox 909 3364 968 3416; x_wconf 87' lang='lat' dir='ltr'>fit</span> <span class='ocrx_word' id='word_1_320' title='bbox 996 3364 1051 3416; x_wconf 88' lang='lat' dir='ltr'>in</span> <span class='ocrx_word' id='word_1_321' title='bbox 1081 3365 1337 3439; x_wconf 76' lang='lat' dir='ltr'>Apogaeo</span> <span class='ocrx_word' id='word_1_322' title='bbox 1364 3403 1381 3434; x_wconf 84' lang='grc'>,</span> <span class='ocrx_word' id='word_1_323' title='bbox 1422 3360 1508 3418; x_wconf 89' lang='lat' dir='ltr'>seu</span> <span class='ocrx_word' id='word_1_324' title='bbox 1547 3382 1578 3418; x_wconf 87' lang='lat' dir='ltr'>a</span> <span class='ocrx_word' id='word_1_325' title='bbox 1619 3364 1766 3420; x_wconf 86' lang='lat' dir='ltr'>nobis</span> <span class='ocrx_word' id='word_1_326' title='bbox 1807 3365 2064 3421; x_wconf 87' lang='lat' dir='ltr'>remotior</span> <span class='ocrx_word' id='word_1_327' title='bbox 2089 3404 2106 3436; x_wconf 84' lang='grc'>,</span> <span class='ocrx_word' id='word_1_328' title='bbox 2148 3363 2223 3419; x_wconf 88' lang='lat' dir='ltr'>nil</span> <span class='ocrx_word' id='word_1_329' title='bbox 2266 3362 2464 3417; x_wconf 86' lang='lat' dir='ltr'>mirum</span> 
     </span>
     <span class='ocr_line' id='line_1_38' title="bbox 2181 3456 2386 3513; baseline 0.005 -17"><span class='ocrx_word' id='word_1_330' title='bbox 2181 3456 2386 3513; x_wconf 75' lang='lat' dir='ltr'>inquiet</span> 
     </span>
    </p>
   </div>
  </div>
 </body>
</html>
