2643 4060
649 259 766 351 '58
939 259 2009 342 ·SPEc1MEN

575 411 851 471 Aestivum
877 450 897 482 ‚
935 410 1118 489 (quae
1146 410 1379 469 absolute
1423 412 1489 468 ad
1528 415 1956 489 vigintiquinque
1981 416 2159 469 uncias
2186 418 2475 491 porrigitur
2490 424 2520 491 “‚'

575 506 701 544 tunc
731 492 875 545 enim
903 493 1060 545 Mare
1103 493 1275 544 minus
1302 494 1492 566 Aquae
1535 496 1768 549 continet
1795 490 1815 563 )
1844 533 1860 562 ,
1899 494 1952 545 8<
1991 493 2132 548 inter
2169 496 2514 552 intumescen-
2579 513 2582 516 ’

574 568 708 622 tiam
734 608 749 637 ,
791 587 926 641 quae
957 569 1217 643 contingit
1247 571 1361 626 aliis
1392 572 1713 645 temporibus
1742 573 1944 627 Hieme
1971 571 2281 645 praesertim
2307 612 2321 627 .
2363 576 2522 631 Mare

572 647 720 701 enim
745 647 801 699 in
828 649 1032 721 magnis
1060 648 1277 702 aestibus
1307 652 1467 704 tertia
1496 669 1700 725 quaque
1727 650 1810 705 die
1838 650 1949 722 post
1978 652 2304 721 Novilunia,
2332 652 2382 705 8<
2408 652 2522 708 Ple-

570 725 776 780 nilunia
803 723 1009 798 semper
1036 729 1146 782 fere
1176 727 1240 781 ad
1268 728 1514 783 eamdem
1546 729 1889 784 altitudinem
1920 726 2178 799 ascendit,
2218 729 2305 785 seu
2332 729 2523 786 eadem

573 802 720 876 signa
758 804 813 856 in
840 805 980 858 mole
1007 806 1191 858 Portus
1215 805 1375 860 nostri
1408 808 1627 881 attingit
1656 849 1668 863 .
1713 810 1790 862 At
1819 822 2098 883 propterea
2138 809 2385 863 continuo
2413 826 2522 864 non

571 879 851 937 dicendum
877 879 1083 954 semper
1109 883 1295 939 eodem
1322 883 1474 959 paSio
1512 889 1674 942 Mare
1703 886 2050 941 intumescere
2077 925 2094 955 ,
2135 885 2262 940 licet
2302 888 2358 940 in
2385 888 2523 940 intu-

570 956 858 1014 mescentia
886 959 1071 1014 eadem
1095 960 1204 1016 fere
1234 963 1377 1036 signa
1408 964 1617 1037 semper
1646 965 1912 1037 attingatj
1958 983 2084 1020 nam
2111 965 2311 1020 Hieme
2336 962 2520 1019 subdu-

570 1036 759 1091 cendus
788 1036 860 1091 est
886 1039 980 1092 Pes
1007 1038 1095 1093 ille
1127 1040 1410 1113 Aquarum
1437 1081 1453 1111 ‚
1494 1061 1598 1115 quo
1637 1060 1785 1096 mare
1815 1042 2095 1115 exsuperat
2122 1081 2135 1094 .
2179 1045 2522 1121 Qapropter

569 1131 695 1173 tunc
721 1134 825 1171 non
853 1115 1132 1175 dicendum
1163 1119 1227 1173 ad
1261 1121 1694 1193 vigintiquinque
1722 1159 1738 1189 ‚
1777 1118 1864 1174 sed
1906 1121 1969 1174 ad
2013 1119 2316 1194 quindecim
2344 1120 2522 1174 uncias

561 1208 780 1248 ⁴tantum
808 1195 1105 1249 intumuisse
1133 1236 1150 1265 ,
1190 1197 1313 1252 licet
1341 1199 1527 1255 eadem
1557 1199 1702 1272 figna
1731 1198 1999 1255 delibasset
2029 1239 2041 1253 .
2089 1198 2203 1254 Post
2228 1197 2520 1256 Solstitium

567 1288 698 1326 vero
725 1272 1028 1328 Hibernum
1054 1277 1306 1348 Januario
1334 1277 1510 1335 mense
1540 1279 1604 1332 ad
1635 1278 1857 1350 triginta
1887 1280 2064 1333 uncias
2106 1280 2156 1331 &
2182 1277 2322 1332 ultra
2363 1276 2519 1332 assur-

564 1367 699 1423 gunt
724 1353 946 1423 Aquae,
989 1369 1044 1408 at
1073 1370 1195 1409 tunc
1222 1374 1429 1429 quoque
1461 1358 1711 1411 continuo
1742 1374 1846 1409 non
1873 1355 1944 1408 est
1972 1357 2303 1411 afferendum
2334 1356 2518 1428 trigin-

565 1443 623 1482 ta
660 1430 827 1485 unciis
869 1428 1101 1494 absolute
1147 1432 1423 1491 ascendisse
1454 1474 1471 1501 ‚
1525 1433 1610 1487 sed
1652 1452 1741 1505 pes
1786 1434 1875 1489 ille
1918 1434 2128 1487 circiter
2168 1432 2378 1506 semper
2416 1433 2517 1488 hoc

562 1521 804 1579 tempore
832 1505 904 1561 est
930 1506 1282 1562 detrahendus
1310 1549 1322 1561 .
1369 1514 1572 1566 Verum
1614 1511 1765 1563 missa
1794 1510 2208 1564 Intumescentia
2234 1511 2327 1563 ista
2357 1510 2517 1564 Rela-

565 1585 712 1651 tiva‚
752 1585 1030 1642 veniamus
1072 1586 1136 1638 ad
1165 1587 1413 1641 Mediam
1441 1627 1457 1656 ,
1500 1607 1667 1661 quae,
1709 1603 1766 1640 ut
1807 1587 2039 1640 diximus
2080 1589 2134 1640 in
2180 1588 2335 1641 titulo
2362 1626 2379 1655 ‚
2420 1588 2515 1642 vix

559 1661 864 1739 quindecim
892 1663 1083 1715 Vncias
1111 1663 1391 1737 exsuperat
1416 1706 1431 1734 ,
1474 1685 1609 1738 quae
1639 1683 1779 1722 certe
1822 1666 2107 1720 immodica
2138 1684 2243 1718 non
2273 1664 2515 1735 videtur,

561 1753 746 1793 tamen
774 1738 847 1793 est
875 1755 1055 1809 tanta,
1099 1759 1156 1794 ut
1186 1756 1285 1814 per
1309 1744 1444 1801 hanc
1470 1745 1625 1798 facile
1658 1744 1926 1817 appellant
1959 1744 2174 1817 navigia
2202 1744 2267 1798 ad
2294 1745 2516 1811 Portum

556 1816 820 1884 nostrum,
862 1819 912 1871 ὃ(
939 1838 1006 1873 ex
1036 1817 1144 1891 ipso
1168 1821 1375 1876 §olvant
1402 1863 1415 1876 .
1459 1825 1522 1876 In
1553 1825 1791 1879 ‘Refluxu
1820 1824 1964 1877 enim
1992 1821 2366 1895 saepenumero
2393 1821 2515 1876 hae-

557 1911 677 1949 rent
708 1898 764 1949 in
790 1896 920 1955 sicco
946 1938 961 1966 ,
1001 1917 1162 1971 quare
1193 1900 1466 1956 interdum
1496 1901 1629 1956 haec
1658 1900 2218 1974 quindecimuncialiS,
2259 1901 2321 1954 sit
2350 1899 2513 1954 verbo

556 1975 752 2041 venia,
793 1975 1205 2030 intumescentia
1245 1982 1474 2050 navigiis
1518 1980 1803 2048 majoribus
1844 1978 1916 2031 est
1957 1975 2284 2051 expeffanda
2325 1992 2383 2033 ut
2424 1995 2513 2050 ap-

555 2050 757 2129 pellere
799 2051 886 2108 vel
915 2049 1114 2106 solvere
1141 2053 1363 2126 possinu

956 2210 1906 2266 ,ὃδΗΟὶῙΥΜ
2011 2213 2099 2267 ΙΙ.

556 2372 560 2373 ’
731 2359 931 2414 Idimus
972 2360 1024 2415 in
1055 2360 1402 2436 superioribus
1432 2361 1906 2422 Intumescentiam
1935 2363 2193 2434 majorem
2231 2366 2402 2421 Maris
2440 2365 2508 2421 ad

594 2439 597 2442 ’
756 2440 931 2493 Littus
962 2441 1193 2496 nostrum
1224 2444 1655 2516 vigintiquinque
1698 2444 1787 2496 vel
1819 2444 2042 2517 triginta
2072 2444 2248 2497 uncias
2287 2464 2390 2498 non
2417 2464 2506 2500 ex·

551 2515 769 2586 cedere,
810 2518 860 2570 8<
891 2519 1135 2573 Mediam
1177 2520 1231 2573 in
1262 2520 1544 2592 majoribus
1571 2519 1814 2575 Aestibus
1857 2521 1921 2574 ad
1964 2519 2265 2593 quindecim
2312 2524 2504 2576 Vncias

547 2593 762 2648 {circiter
786 2596 1015 2668 porrigi.
1054 2600 1204 2652 Haec
1232 2616 1413 2653 tamen
1443 2617 1548 2654 non
1578 2596 1651 2651 est
1677 2600 1909 2672 aequalis
1935 2617 2031 2671 per
2057 2597 2359 2653 universum
2388 2602 2504 2654 Ha-

546 2670 829 2727 driaticum
872 2674 1039 2728 finum
1067 2715 1083 2743 ,
1126 2694 1254 2730 nam
1295 2697 1399 2751 quo
1436 2677 1603 2750 magis
1629 2678 1872 2731 Venetiis
1915 2678 2399 2752 appropinquamus
2439 2697 2502 2734 eo

547 2751 718 2823 major
744 2750 817 2806 est
847 2753 1291 2824 Intum-escentia‚
1319 2756 1404 2810 seu
1422 2756 1620 2810 Fluxus
1646 2756 1696 2808 8<
1723 2757 2009 2812 Refluxus.
2040 2757 2184 2810 Ante
2201 2757 2343 2811 diem
2365 2771 2498 2811 VII.

545 2829 811 2885 Calendas
825 2831 1003 2903 Junias
1033 2830 1188 2905 elapsi
1219 2836 1342 2888 anni
1377 2848 1872 2890 CIOIDCCXXXV
1891 2850 1907 2889 1
1926 2849 1966 2888 1.
1996 2834 2051 2886 in
2067 2835 2361 2888 Ravennae
2380 2836 2499 2906 Porf

546 2920 605 2960 tu
632 2946 648 2975 ‚
689 2909 778 2980 qui
811 2910 1275 2984 trigintaquinque
1308 2927 1519 2968 tantum
1542 2912 1804 2965 milliariis
1831 2912 2029 2966 Italicis
2057 2933 2087 2967 a
2113 2911 2284 2966 nostro
2312 2909 2499 2981 distat,

542 2984 599 3038 in
623 3004 731 3058 quo
758 3005 853 3060 per
878 2987 1092 3042 nocfiiem
1130 3007 1364 3045 moratus
1391 2993 1534 3057 ium,
1566 2989 1843 3045 observavi
1874 2993 2031 3046 Mare
2059 2989 2124 3043 ad
2153 2989 2500 3062 vigintiquin-

545 3082 648 3135 que
680 3067 857 3123 uncias
885 3067 935 3121 8<
965 3067 1103 3123 ultra
1130 3066 1436 3123 descendisse
1465 3109 1481 3134 ,
1523 3067 1787 3123 descensus
1815 3067 1936 3122 sane
1979 3069 2067 3141 qui
2098 3067 2194 3121 vix
2237 3067 2374 3140 apud
2403 3084 2498 3123 nos

546 3140 601 3192 in
640 3142 922 3214 majoribus
963 3144 1184 3200 aestibus
1225 3147 1521 3220 contigisset
1547 3185 1562 3214 ,
1604 3148 1653 3199 8<
1682 3164 1862 3201 tamen
1901 3166 1964 3203 ea
1998 3165 2105 3201 nox
2148 3163 2335 3219 quarta
2379 3161 2499 3200 erat

544 3234 668 3273 ante
697 3223 1086 3294 Novilunium‚
1128 3239 1335 3299 tempus
1361 3224 1555 3281 scilicet
1582 3243 1687 3296 quo
1717 3225 1885 3293 major
1914 3224 2079 3280 aestus
2105 3242 2208 3276 non
2232 3221 2456 3277 succedit
2476 3263 2490 3276 .

543 3296 811 3352 Galilaeus
853 3302 908 3355 in
938 3303 1169 3377 Dialogo
1192 3320 1381 3377 quarto
1422 3303 1727 3375 Systematis
1758 3301 1989 3357 Cosmici
2032 3302 2204 3358 asserit
2248 3302 2490 3356 Venetiis

541 3374 700 3431 Mare
742 3376 807 3431 ad
838 3379 1070 3453 quinque
1114 3381 1201 3437 vel
1227 3380 1317 3439 sex
1344 3381 1502 3456 pedes
1539 3380 1885 3442 intumescere
1917 3421 1936 3454 ,
1979 3400 2112 3456 quae
2132 3377 2489 3464 intumescen-

2331 3472 2406 3511 tia
