<?xml version="1.0" encoding="UTF-8"?>
<!DOCTYPE html PUBLIC "-//W3C//DTD XHTML 1.0 Transitional//EN"
    "http://www.w3.org/TR/xhtml1/DTD/xhtml1-transitional.dtd">
<html xmlns="http://www.w3.org/1999/xhtml" xml:lang="en" lang="en">
 <head>
  <title>
</title>
<meta http-equiv="Content-Type" content="text/html;charset=utf-8" />
  <meta name='ocr-system' content='tesseract 3.04.00' />
  <meta name='ocr-capabilities' content='ocr_page ocr_carea ocr_par ocr_line ocrx_word'/>
</head>
<body>
  <div class='ocr_page' id='page_1' title='image "./janiplanciarimin39bian_0080.png"; bbox 0 0 2643 4060; ppageno 0'>
   <div class='ocr_carea' id='block_1_1' title="bbox 522 227 2537 3391">
    <p class='ocr_par' dir='ltr' id='par_1_1' title="bbox 522 227 2537 3391">
     <span class='ocr_line' id='line_1_1' title="bbox 630 227 1981 327; baseline -0.005 -24"><span class='ocrx_word' id='word_1_1' title='bbox 630 244 719 327; x_wconf 72' lang='lat'>70</span> <span class='ocrx_word' id='word_1_2' title='bbox 1032 227 1082 301; x_wconf 91' lang='lat' dir='ltr'>S</span> <span class='ocrx_word' id='word_1_3' title='bbox 1159 248 1204 303; x_wconf 86' lang='lat' dir='ltr'>P</span> <span class='ocrx_word' id='word_1_4' title='bbox 1282 246 1330 300; x_wconf 85' lang='lat' dir='ltr'><strong>E</strong></span> <span class='ocrx_word' id='word_1_5' title='bbox 1413 243 1463 299; x_wconf 80' lang='lat' dir='ltr'><strong>c</strong></span> <span class='ocrx_word' id='word_1_6' title='bbox 1538 239 1566 296; x_wconf 92' lang='lat'>1</span> <span class='ocrx_word' id='word_1_7' title='bbox 1643 241 1712 297; x_wconf 87' lang='lat' dir='ltr'>M</span> <span class='ocrx_word' id='word_1_8' title='bbox 1785 240 1835 298; x_wconf 85' lang='lat' dir='ltr'>E</span> <span class='ocrx_word' id='word_1_9' title='bbox 1912 236 1981 296; x_wconf 77' lang='grc' dir='ltr'>Ν</span> 
     </span>
     <span class='ocr_line' id='line_1_2' title="bbox 524 371 2464 447; baseline -0.007 -7"><span class='ocrx_word' id='word_1_10' title='bbox 524 402 589 442; x_wconf 87' lang='lat' dir='ltr'>ne</span> <span class='ocrx_word' id='word_1_11' title='bbox 617 382 800 438; x_wconf 87' lang='lat' dir='ltr'>Maria</span> <span class='ocrx_word' id='word_1_12' title='bbox 826 376 1014 447; x_wconf 74' lang='lat' dir='ltr'>Cella,</span> <span class='ocrx_word' id='word_1_13' title='bbox 1051 375 1184 429; x_wconf 89' lang='lat' dir='ltr'>Viro</span> <span class='ocrx_word' id='word_1_14' title='bbox 1225 374 1280 427; x_wconf 88' lang='lat' dir='ltr'>in</span> <span class='ocrx_word' id='word_1_15' title='bbox 1314 371 1714 428; x_wconf 88' lang='lat' dir='ltr'>Mathematicis</span> <span class='ocrx_word' id='word_1_16' title='bbox 1754 371 1959 428; x_wconf 87' lang='lat' dir='ltr'>erudito</span> <span class='ocrx_word' id='word_1_17' title='bbox 1985 410 2001 440; x_wconf 82' lang='lat'>‚</span> <span class='ocrx_word' id='word_1_18' title='bbox 2043 371 2132 446; x_wconf 88' lang='lat' dir='ltr'>qui</span> <span class='ocrx_word' id='word_1_19' title='bbox 2174 371 2464 427; x_wconf 83' lang='lat' dir='ltr'>nostrorum</span> 
     </span>
     <span class='ocr_line' id='line_1_3' title="bbox 523 449 2464 527; baseline -0.007 -10"><span class='ocrx_word' id='word_1_20' title='bbox 523 462 826 518; x_wconf 86' lang='lat' dir='ltr'>Studiorum</span> <span class='ocrx_word' id='word_1_21' title='bbox 842 456 1156 527; x_wconf 87' lang='lat' dir='ltr'>Adjutorem</span> <span class='ocrx_word' id='word_1_22' title='bbox 1182 451 1471 507; x_wconf 78' lang='lat' dir='ltr'>liberaliter</span> <span class='ocrx_word' id='word_1_23' title='bbox 1495 451 1759 506; x_wconf 85' lang='lat' dir='ltr'>interdum</span> <span class='ocrx_word' id='word_1_24' title='bbox 1786 449 1837 505; x_wconf 93' lang='lat' dir='ltr'>se</span> <span class='ocrx_word' id='word_1_25' title='bbox 1866 451 2113 525; x_wconf 80' lang='lat' dir='ltr'><strong>praebet,</strong></span> <span class='ocrx_word' id='word_1_26' title='bbox 2133 453 2330 504; x_wconf 90' lang='lat' dir='ltr'>Lutum</span> <span class='ocrx_word' id='word_1_27' title='bbox 2344 452 2464 504; x_wconf 87' lang='lat' dir='ltr'>Flu-</span> 
     </span>
     <span class='ocr_line' id='line_1_4' title="bbox 523 526 2468 602; baseline -0.007 -8"><span class='ocrx_word' id='word_1_28' title='bbox 523 539 683 595; x_wconf 81' lang='lat' dir='ltr'>minis</span> <span class='ocrx_word' id='word_1_29' title='bbox 707 535 868 590; x_wconf 88' lang='lat' dir='ltr'>nostri</span> <span class='ocrx_word' id='word_1_30' title='bbox 894 536 947 588; x_wconf 90' lang='lat' dir='ltr'>in</span> <span class='ocrx_word' id='word_1_31' title='bbox 965 530 1340 586; x_wconf 80' lang='lat' dir='ltr'>Alluvionibus·</span> <span class='ocrx_word' id='word_1_32' title='bbox 1365 526 1643 584; x_wconf 60' lang='lat' dir='ltr'>advefi’cum</span> <span class='ocrx_word' id='word_1_33' title='bbox 1659 570 1676 599; x_wconf 76' lang='lat'>‚</span> <span class='ocrx_word' id='word_1_34' title='bbox 1692 530 1790 586; x_wconf 90' lang='lat' dir='ltr'>esse</span> <span class='ocrx_word' id='word_1_35' title='bbox 1810 532 1994 602; x_wconf 81' lang='lat' dir='ltr'><strong>Aquae</strong></span> <span class='ocrx_word' id='word_1_36' title='bbox 2023 528 2328 583; x_wconf 84' lang='lat' dir='ltr'>advehentis</span> <span class='ocrx_word' id='word_1_37' title='bbox 2354 545 2468 600; x_wconf 91' lang='lat' dir='ltr'>par-</span> 
     </span>
     <span class='ocr_line' id='line_1_5' title="bbox 522 607 2469 680; baseline -0.008 -7"><span class='ocrx_word' id='word_1_38' title='bbox 522 635 637 673; x_wconf 84' lang='lat' dir='ltr'>tem</span> <span class='ocrx_word' id='word_1_39' title='bbox 666 615 729 668; x_wconf 86' lang='lat' dir='ltr'>ad</span> <span class='ocrx_word' id='word_1_40' title='bbox 758 616 928 667; x_wconf 86' lang='lat' dir='ltr'>minus</span> <span class='ocrx_word' id='word_1_41' title='bbox 954 607 1559 680; x_wconf 79' lang='lat' dir='ltr'>decimamseptimam3</span> <span class='ocrx_word' id='word_1_42' title='bbox 1601 627 1726 662; x_wconf 89' lang='lat' dir='ltr'>nam</span> <span class='ocrx_word' id='word_1_43' title='bbox 1770 627 1837 662; x_wconf 83' lang='lat' dir='ltr'>ex</span> <span class='ocrx_word' id='word_1_44' title='bbox 1883 608 2044 660; x_wconf 86' lang='lat' dir='ltr'>unciis</span> <span class='ocrx_word' id='word_1_45' title='bbox 2088 626 2189 662; x_wconf 89' lang='lat' dir='ltr'>una</span> <span class='ocrx_word' id='word_1_46' title='bbox 2230 607 2280 659; x_wconf 80' lang='lat'>8&lt;</span> <span class='ocrx_word' id='word_1_47' title='bbox 2320 607 2469 678; x_wconf 87' lang='lat' dir='ltr'>quin-</span> 
     </span>
     <span class='ocr_line' id='line_1_6' title="bbox 523 683 2468 769; baseline -0.006 -21"><span class='ocrx_word' id='word_1_48' title='bbox 523 696 782 769; x_wconf 76' lang='lat' dir='ltr'>quaginta</span> <span class='ocrx_word' id='word_1_49' title='bbox 819 694 1001 763; x_wconf 82' lang='lat' dir='ltr'>Aquae</span> <span class='ocrx_word' id='word_1_50' title='bbox 1045 706 1208 762; x_wconf 88' lang='lat' dir='ltr'>quam</span> <span class='ocrx_word' id='word_1_51' title='bbox 1243 700 1365 740; x_wconf 91' lang='lat' dir='ltr'>ante</span> <span class='ocrx_word' id='word_1_52' title='bbox 1396 684 1537 739; x_wconf 89' lang='lat' dir='ltr'>diem</span> <span class='ocrx_word' id='word_1_53' title='bbox 1571 702 1628 740; x_wconf 86' lang='lat' dir='ltr'>X.</span> <span class='ocrx_word' id='word_1_54' title='bbox 1660 683 1924 742; x_wconf 89' lang='lat' dir='ltr'>Calendas</span> <span class='ocrx_word' id='word_1_55' title='bbox 1953 685 2266 738; x_wconf 80' lang='lat' dir='ltr'>Februarias</span> <span class='ocrx_word' id='word_1_56' title='bbox 2309 686 2468 737; x_wconf 91' lang='lat' dir='ltr'>Anno</span> 
     </span>
     <span class='ocr_line' id='line_1_7' title="bbox 522 760 2537 845; baseline -0.008 -17"><span class='ocrx_word' id='word_1_57' title='bbox 522 771 697 845; x_wconf 84' lang='lat' dir='ltr'>elapso</span> <span class='ocrx_word' id='word_1_58' title='bbox 730 779 1319 824; x_wconf 74' lang='lat' dir='ltr'>CIOIOCCXXXVII.</span> <span class='ocrx_word' id='word_1_59' title='bbox 1348 765 1403 817; x_wconf 92' lang='lat' dir='ltr'>in</span> <span class='ocrx_word' id='word_1_60' title='bbox 1431 763 1600 818; x_wconf 90' lang='lat' dir='ltr'>nostro</span> <span class='ocrx_word' id='word_1_61' title='bbox 1625 764 1870 817; x_wconf 83' lang='lat' dir='ltr'>Flumine</span> <span class='ocrx_word' id='word_1_62' title='bbox 1902 764 2138 816; x_wconf 83' lang='lat' dir='ltr'>Arimini</span> <span class='ocrx_word' id='word_1_63' title='bbox 2165 760 2323 815; x_wconf 88' lang='lat' dir='ltr'>hodie</span> <span class='ocrx_word' id='word_1_64' title='bbox 2352 761 2466 816; x_wconf 90' lang='lat' dir='ltr'>vul-</span> <span class='ocrx_word' id='word_1_65' title='bbox 2534 795 2537 797; x_wconf 92' lang='lat'><em>-</em></span> 
     </span>
     <span class='ocr_line' id='line_1_8' title="bbox 522 839 2470 926; baseline -0.008 -21"><span class='ocrx_word' id='word_1_66' title='bbox 522 870 592 926; x_wconf 79' lang='lat' dir='ltr'>go</span> <span class='ocrx_word' id='word_1_67' title='bbox 624 844 921 905; x_wconf 78' lang='lat' dir='ltr'>Mariculae</span> <span class='ocrx_word' id='word_1_68' title='bbox 949 861 1188 917; x_wconf 87' lang='lat' dir='ltr'>tempore</span> <span class='ocrx_word' id='word_1_69' title='bbox 1215 842 1423 913; x_wconf 87' lang='lat' dir='ltr'>majoris</span> <span class='ocrx_word' id='word_1_70' title='bbox 1449 842 1816 897; x_wconf 78' lang='lat' dir='ltr'>exundationis</span> <span class='ocrx_word' id='word_1_71' title='bbox 1856 839 2128 894; x_wconf 84' lang='lat' dir='ltr'>&#39;sumsimus</span> <span class='ocrx_word' id='word_1_72' title='bbox 2153 880 2170 909; x_wconf 80' lang='lat'>,</span> <span class='ocrx_word' id='word_1_73' title='bbox 2211 840 2337 892; x_wconf 89' lang='lat' dir='ltr'>treis</span> <span class='ocrx_word' id='word_1_74' title='bbox 2378 855 2470 891; x_wconf 91' lang='lat' dir='ltr'>un-</span> 
     </span>
     <span class='ocr_line' id='line_1_9' title="bbox 524 918 2472 998; baseline -0.008 -15"><span class='ocrx_word' id='word_1_75' title='bbox 524 931 630 984; x_wconf 83' lang='lat' dir='ltr'>cias</span> <span class='ocrx_word' id='word_1_76' title='bbox 662 928 713 980; x_wconf 87' lang='lat'>&amp;</span> <span class='ocrx_word' id='word_1_77' title='bbox 739 925 962 998; x_wconf 90' lang='lat' dir='ltr'>amplius</span> <span class='ocrx_word' id='word_1_78' title='bbox 989 924 1114 975; x_wconf 89' lang='lat' dir='ltr'>Luti</span> <span class='ocrx_word' id='word_1_79' title='bbox 1143 922 1426 976; x_wconf 78' lang='lat' dir='ltr'>tenuissimi</span> <span class='ocrx_word' id='word_1_80' title='bbox 1468 921 1518 972; x_wconf 79' lang='lat'>8&lt;</span> <span class='ocrx_word' id='word_1_81' title='bbox 1558 920 1719 993; x_wconf 85' lang='lat' dir='ltr'>probe</span> <span class='ocrx_word' id='word_1_82' title='bbox 1765 919 2008 975; x_wconf 83' lang='lat' dir='ltr'>exsiccati</span> <span class='ocrx_word' id='word_1_83' title='bbox 2050 918 2350 973; x_wconf 76' lang='lat' dir='ltr'>invenimus</span> <span class='ocrx_word' id='word_1_84' title='bbox 2392 935 2472 969; x_wconf 83' lang='lat' dir='ltr'>re-</span> 
     </span>
     <span class='ocr_line' id='line_1_10' title="bbox 522 993 2472 1073; baseline -0.007 -12"><span class='ocrx_word' id='word_1_85' title='bbox 522 1004 758 1061; x_wconf 79' lang='lat' dir='ltr'>mansisse</span> <span class='ocrx_word' id='word_1_86' title='bbox 776 1045 792 1073; x_wconf 81' lang='lat'>,</span> <span class='ocrx_word' id='word_1_87' title='bbox 831 1005 880 1056; x_wconf 90' lang='lat'>&amp;</span> <span class='ocrx_word' id='word_1_88' title='bbox 909 1018 1091 1056; x_wconf 89' lang='lat' dir='ltr'>tamen</span> <span class='ocrx_word' id='word_1_89' title='bbox 1133 1018 1293 1073; x_wconf 89' lang='lat' dir='ltr'>quam</span> <span class='ocrx_word' id='word_1_90' title='bbox 1321 997 1590 1051; x_wconf 77' lang='lat' dir='ltr'>sumsimus</span> <span class='ocrx_word' id='word_1_91' title='bbox 1619 1000 1836 1071; x_wconf 90' lang='lat' dir='ltr'>Aquam</span> <span class='ocrx_word' id='word_1_92' title='bbox 1861 1037 1878 1067; x_wconf 79' lang='lat'>,</span> <span class='ocrx_word' id='word_1_93' title='bbox 1919 1016 2022 1051; x_wconf 89' lang='lat' dir='ltr'>non</span> <span class='ocrx_word' id='word_1_94' title='bbox 2050 999 2106 1049; x_wconf 86' lang='lat' dir='ltr'>in</span> <span class='ocrx_word' id='word_1_95' title='bbox 2132 993 2307 1049; x_wconf 82' lang='lat' dir='ltr'>medio</span> <span class='ocrx_word' id='word_1_96' title='bbox 2337 996 2472 1048; x_wconf 81' lang='lat' dir='ltr'>Cur-</span> 
     </span>
     <span class='ocr_line' id='line_1_11' title="bbox 524 1073 2473 1152; baseline -0.006 -15"><span class='ocrx_word' id='word_1_97' title='bbox 524 1084 583 1138; x_wconf 86' lang='lat' dir='ltr'>su</span> <span class='ocrx_word' id='word_1_98' title='bbox 611 1083 904 1150; x_wconf 68' lang='lat' dir='ltr'>fluminis,</span> <span class='ocrx_word' id='word_1_99' title='bbox 944 1099 1111 1152; x_wconf 87' lang='lat' dir='ltr'>neque</span> <span class='ocrx_word' id='word_1_100' title='bbox 1139 1082 1192 1131; x_wconf 86' lang='lat' dir='ltr'>in</span> <span class='ocrx_word' id='word_1_101' title='bbox 1221 1079 1335 1131; x_wconf 86' lang='lat' dir='ltr'>loco</span> <span class='ocrx_word' id='word_1_102' title='bbox 1363 1075 1468 1148; x_wconf 87' lang='lat' dir='ltr'>ejus</span> <span class='ocrx_word' id='word_1_103' title='bbox 1495 1075 1825 1149; x_wconf 85' lang='lat' dir='ltr'>profundiori</span> <span class='ocrx_word' id='word_1_104' title='bbox 1851 1115 1868 1145; x_wconf 82' lang='lat'>,</span> <span class='ocrx_word' id='word_1_105' title='bbox 1908 1074 1996 1128; x_wconf 91' lang='lat' dir='ltr'>sed</span> <span class='ocrx_word' id='word_1_106' title='bbox 2024 1091 2176 1129; x_wconf 85' lang='lat' dir='ltr'>extra</span> <span class='ocrx_word' id='word_1_107' title='bbox 2205 1074 2342 1146; x_wconf 84' lang='lat' dir='ltr'>ripas</span> <span class='ocrx_word' id='word_1_108' title='bbox 2365 1112 2381 1142; x_wconf 80' lang='lat'>,</span> <span class='ocrx_word' id='word_1_109' title='bbox 2423 1073 2473 1131; x_wconf 78' lang='lat'>8&lt;</span> 
     </span>
     <span class='ocr_line' id='line_1_12' title="bbox 522 1150 2477 1235; baseline -0.007 -18"><span class='ocrx_word' id='word_1_110' title='bbox 522 1166 581 1217; x_wconf 84' lang='lat' dir='ltr'>in</span> <span class='ocrx_word' id='word_1_111' title='bbox 607 1160 871 1235; x_wconf 86' lang='lat' dir='ltr'>superficie</span> <span class='ocrx_word' id='word_1_112' title='bbox 899 1158 1166 1212; x_wconf 85' lang='lat' dir='ltr'>sumsimus</span> <span class='ocrx_word' id='word_1_113' title='bbox 1194 1197 1206 1209; x_wconf 90' lang='lat'><em>.</em></span> <span class='ocrx_word' id='word_1_114' title='bbox 1253 1160 1431 1230; x_wconf 81' lang='lat' dir='ltr'>Qiare</span> <span class='ocrx_word' id='word_1_115' title='bbox 1459 1170 1611 1228; x_wconf 89' lang='lat' dir='ltr'>patet</span> <span class='ocrx_word' id='word_1_116' title='bbox 1638 1157 1868 1223; x_wconf 82' lang='lat' dir='ltr'>Lutum,</span> <span class='ocrx_word' id='word_1_117' title='bbox 1909 1152 1996 1208; x_wconf 91' lang='lat' dir='ltr'>seu</span> <span class='ocrx_word' id='word_1_118' title='bbox 2022 1155 2243 1207; x_wconf 88' lang='lat' dir='ltr'>Limum</span> <span class='ocrx_word' id='word_1_119' title='bbox 2268 1153 2322 1204; x_wconf 90' lang='lat' dir='ltr'>in</span> <span class='ocrx_word' id='word_1_120' title='bbox 2351 1150 2477 1204; x_wconf 86' lang='lat' dir='ltr'>Flu·</span> 
     </span>
     <span class='ocr_line' id='line_1_13' title="bbox 523 1228 2472 1305; baseline -0.007 -10"><span class='ocrx_word' id='word_1_121' title='bbox 523 1242 671 1295; x_wconf 85' lang='lat' dir='ltr'>mine</span> <span class='ocrx_word' id='word_1_122' title='bbox 701 1238 869 1292; x_wconf 90' lang='lat' dir='ltr'>nostro</span> <span class='ocrx_word' id='word_1_123' title='bbox 911 1236 1007 1291; x_wconf 81' lang='lat' dir='ltr'>esse</span> <span class='ocrx_word' id='word_1_124' title='bbox 1036 1236 1102 1289; x_wconf 88' lang='lat' dir='ltr'>ad</span> <span class='ocrx_word' id='word_1_125' title='bbox 1129 1233 1232 1299; x_wconf 86' lang='lat' dir='ltr'>ejus</span> <span class='ocrx_word' id='word_1_126' title='bbox 1260 1236 1477 1305; x_wconf 86' lang='lat' dir='ltr'>Aquam</span> <span class='ocrx_word' id='word_1_127' title='bbox 1505 1232 1569 1287; x_wconf 86' lang='lat' dir='ltr'>ad</span> <span class='ocrx_word' id='word_1_128' title='bbox 1596 1234 1766 1287; x_wconf 86' lang='lat' dir='ltr'>minus</span> <span class='ocrx_word' id='word_1_129' title='bbox 1793 1271 1815 1301; x_wconf 78' lang='lat'>,-</span> <span class='ocrx_word' id='word_1_130' title='bbox 1850 1248 1908 1285; x_wconf 90' lang='lat' dir='ltr'>ut</span> <span class='ocrx_word' id='word_1_131' title='bbox 1943 1247 1983 1286; x_wconf 90' lang='grc' dir='ltr'>Ι.</span> <span class='ocrx_word' id='word_1_132' title='bbox 2011 1231 2075 1287; x_wconf 89' lang='lat' dir='ltr'>ad</span> <span class='ocrx_word' id='word_1_133' title='bbox 2109 1246 2230 1285; x_wconf 86' lang='lat' dir='ltr'>XVI</span> <span class='ocrx_word' id='word_1_134' title='bbox 2249 1245 2295 1284; x_wconf 87' lang='lat' dir='ltr'>I.-</span> <span class='ocrx_word' id='word_1_135' title='bbox 2333 1228 2472 1283; x_wconf 84' lang='lat' dir='ltr'>Dixi</span> 
     </span>
     <span class='ocr_line' id='line_1_14' title="bbox 523 1307 2473 1384; baseline -0.007 -11"><span class='ocrx_word' id='word_1_136' title='bbox 523 1318 590 1373; x_wconf 85' lang='lat' dir='ltr'>ad</span> <span class='ocrx_word' id='word_1_137' title='bbox 620 1319 789 1371; x_wconf 89' lang='lat' dir='ltr'>minus</span> <span class='ocrx_word' id='word_1_138' title='bbox 817 1356 834 1384; x_wconf 84' lang='lat'>,</span> <span class='ocrx_word' id='word_1_139' title='bbox 875 1333 1000 1368; x_wconf 89' lang='lat' dir='ltr'>nam</span> <span class='ocrx_word' id='word_1_140' title='bbox 1029 1313 1064 1366; x_wconf 92' lang='lat' dir='ltr'>si</span> <span class='ocrx_word' id='word_1_141' title='bbox 1093 1315 1249 1384; x_wconf 85' lang='lat' dir='ltr'>Aqua</span> <span class='ocrx_word' id='word_1_142' title='bbox 1276 1309 1567 1365; x_wconf 88' lang='lat' dir='ltr'>sumeretur</span> <span class='ocrx_word' id='word_1_143' title='bbox 1608 1313 1663 1363; x_wconf 87' lang='lat' dir='ltr'>in</span> <span class='ocrx_word' id='word_1_144' title='bbox 1690 1311 1848 1382; x_wconf 91' lang='lat' dir='ltr'>pleno</span> <span class='ocrx_word' id='word_1_145' title='bbox 1876 1308 2046 1363; x_wconf 90' lang='lat' dir='ltr'>Cursu</span> <span class='ocrx_word' id='word_1_146' title='bbox 2075 1308 2335 1361; x_wconf 83' lang='lat' dir='ltr'>Fluminis</span> <span class='ocrx_word' id='word_1_147' title='bbox 2362 1347 2378 1373; x_wconf 80' lang='lat'>,</span> <span class='ocrx_word' id='word_1_148' title='bbox 2419 1307 2473 1359; x_wconf 79' lang='lat'>8&lt;</span> 
     </span>
     <span class='ocr_line' id='line_1_15' title="bbox 523 1383 2472 1471; baseline -0.006 -22"><span class='ocrx_word' id='word_1_149' title='bbox 523 1414 686 1471; x_wconf 89' lang='lat' dir='ltr'>prope</span> <span class='ocrx_word' id='word_1_150' title='bbox 728 1393 979 1460; x_wconf 81' lang='lat' dir='ltr'>fundum,</span> <span class='ocrx_word' id='word_1_151' title='bbox 1021 1389 1187 1460; x_wconf 87' lang='lat' dir='ltr'>major</span> <span class='ocrx_word' id='word_1_152' title='bbox 1229 1388 1396 1443; x_wconf 82' lang='lat' dir='ltr'>adhue</span> <span class='ocrx_word' id='word_1_153' title='bbox 1429 1388 1551 1442; x_wconf 89' lang='lat' dir='ltr'>esset</span> <span class='ocrx_word' id='word_1_154' title='bbox 1578 1389 1846 1460; x_wconf 82' lang='lat' dir='ltr'>proportio</span> <span class='ocrx_word' id='word_1_155' title='bbox 1874 1427 1887 1440; x_wconf 82' lang='grc'><strong>.</strong></span> <span class='ocrx_word' id='word_1_156' title='bbox 1931 1386 2311 1439; x_wconf 87' lang='lat' dir='ltr'>Praetermitto</span> <span class='ocrx_word' id='word_1_157' title='bbox 2351 1383 2472 1438; x_wconf 84' lang='lat' dir='ltr'>heic</span> 
     </span>
     <span class='ocr_line' id='line_1_16' title="bbox 527 1463 2474 1544; baseline -0.007 -15"><span class='ocrx_word' id='word_1_158' title='bbox 527 1476 694 1530; x_wconf 84' lang='lat' dir='ltr'>etiam</span> <span class='ocrx_word' id='word_1_159' title='bbox 726 1470 1120 1544; x_wconf 88' lang='lat' dir='ltr'>proportionem</span> <span class='ocrx_word' id='word_1_160' title='bbox 1162 1484 1325 1538; x_wconf 87' lang='lat' dir='ltr'>quam</span> <span class='ocrx_word' id='word_1_161' title='bbox 1364 1465 1525 1517; x_wconf 90' lang='lat' dir='ltr'>habet</span> <span class='ocrx_word' id='word_1_162' title='bbox 1553 1465 1816 1535; x_wconf 86' lang='lat' dir='ltr'>reliquum</span> <span class='ocrx_word' id='word_1_163' title='bbox 1843 1463 2247 1530; x_wconf 68' lang='lat' dir='ltr'>Sedimentum&#39;,</span> <span class='ocrx_word' id='word_1_164' title='bbox 2289 1463 2474 1516; x_wconf 81' lang='lat' dir='ltr'>Arena</span> 
     </span>
     <span class='ocr_line' id='line_1_17' title="bbox 525 1537 2473 1616; baseline -0.007 -11"><span class='ocrx_word' id='word_1_165' title='bbox 525 1551 723 1606; x_wconf 75' lang='lat' dir='ltr'>scilieet</span> <span class='ocrx_word' id='word_1_166' title='bbox 749 1551 798 1601; x_wconf 74' lang='lat'>8&lt;</span> <span class='ocrx_word' id='word_1_167' title='bbox 827 1548 1023 1602; x_wconf 87' lang='lat' dir='ltr'>Glarea</span> <span class='ocrx_word' id='word_1_168' title='bbox 1051 1547 1292 1616; x_wconf 74' lang='lat' dir='ltr'>Saxaque</span> <span class='ocrx_word' id='word_1_169' title='bbox 1321 1539 1429 1615; x_wconf 85' lang='lat' dir='ltr'>ipsa</span> <span class='ocrx_word' id='word_1_170' title='bbox 1470 1556 1590 1595; x_wconf 87' lang='lat' dir='ltr'>cum</span> <span class='ocrx_word' id='word_1_171' title='bbox 1630 1542 1788 1614; x_wconf 83' lang='lat' dir='ltr'>Aqua</span> <span class='ocrx_word' id='word_1_172' title='bbox 1817 1579 1837 1610; x_wconf 71' lang='lat'>‚—</span> <span class='ocrx_word' id='word_1_173' title='bbox 1873 1556 1999 1594; x_wconf 89' lang='lat' dir='ltr'>nam</span> <span class='ocrx_word' id='word_1_174' title='bbox 2041 1540 2258 1593; x_wconf 88' lang='lat' dir='ltr'>Fluvius</span> <span class='ocrx_word' id='word_1_175' title='bbox 2299 1537 2473 1592; x_wconf 89' lang='lat' dir='ltr'>noster</span> 
     </span>
     <span class='ocr_line' id='line_1_18' title="bbox 525 1618 2480 1691; baseline -0.007 -7"><span class='ocrx_word' id='word_1_176' title='bbox 525 1648 633 1685; x_wconf 77' lang='lat' dir='ltr'>non</span> <span class='ocrx_word' id='word_1_177' title='bbox 660 1631 861 1681; x_wconf 91' lang='lat' dir='ltr'>Lutum</span> <span class='ocrx_word' id='word_1_178' title='bbox 892 1641 1130 1691; x_wconf 83' lang='lat' dir='ltr'>tantum,</span> <span class='ocrx_word' id='word_1_179' title='bbox 1156 1621 1245 1675; x_wconf 88' lang='lat' dir='ltr'>seu</span> <span class='ocrx_word' id='word_1_180' title='bbox 1267 1622 1485 1674; x_wconf 89' lang='lat' dir='ltr'>Limum</span> <span class='ocrx_word' id='word_1_181' title='bbox 1512 1619 1761 1690; x_wconf 79' lang='lat' dir='ltr'>advehit,</span> <span class='ocrx_word' id='word_1_182' title='bbox 1801 1618 1888 1674; x_wconf 88' lang='lat' dir='ltr'>sed</span> <span class='ocrx_word' id='word_1_183' title='bbox 1916 1622 2119 1674; x_wconf 88' lang='lat' dir='ltr'>Arenas</span> <span class='ocrx_word' id='word_1_184' title='bbox 2148 1619 2480 1691; x_wconf 84' lang='lat' dir='ltr'>Glareasque-</span> 
     </span>
     <span class='ocr_line' id='line_1_19' title="bbox 526 1695 2481 1771; baseline -0.007 -9"><span class='ocrx_word' id='word_1_185' title='bbox 526 1707 722 1762; x_wconf 86' lang='lat' dir='ltr'>multas</span> <span class='ocrx_word' id='word_1_186' title='bbox 763 1722 865 1758; x_wconf 91' lang='lat' dir='ltr'>uria</span> <span class='ocrx_word' id='word_1_187' title='bbox 900 1720 1021 1756; x_wconf 90' lang='lat' dir='ltr'>cum</span> <span class='ocrx_word' id='word_1_188' title='bbox 1049 1699 1329 1771; x_wconf 82' lang='lat' dir='ltr'>majoribus</span> <span class='ocrx_word' id='word_1_189' title='bbox 1355 1698 1489 1753; x_wconf 83' lang='lat' dir='ltr'>saxis</span> <span class='ocrx_word' id='word_1_190' title='bbox 1516 1738 1532 1767; x_wconf 84' lang='lat'>‚</span> <span class='ocrx_word' id='word_1_191' title='bbox 1573 1717 1707 1771; x_wconf 88' lang='lat' dir='ltr'>quae</span> <span class='ocrx_word' id='word_1_192' title='bbox 1735 1738 1752 1767; x_wconf 81' lang='lat'>,</span> <span class='ocrx_word' id='word_1_193' title='bbox 1793 1715 1851 1752; x_wconf 90' lang='lat' dir='ltr'>ut</span> <span class='ocrx_word' id='word_1_194' title='bbox 1878 1713 2028 1771; x_wconf 88' lang='lat' dir='ltr'>patet</span> <span class='ocrx_word' id='word_1_195' title='bbox 2072 1717 2140 1754; x_wconf 84' lang='lat' dir='ltr'>ex</span> <span class='ocrx_word' id='word_1_196' title='bbox 2171 1695 2481 1752; x_wconf 88' lang='lat' dir='ltr'>Sedimento</span> 
     </span>
     <span class='ocr_line' id='line_1_20' title="bbox 525 1773 2476 1860; baseline -0.005 -22"><span class='ocrx_word' id='word_1_197' title='bbox 525 1784 714 1860; x_wconf 87' lang='lat' dir='ltr'>prioris</span> <span class='ocrx_word' id='word_1_198' title='bbox 757 1782 822 1836; x_wconf 89' lang='lat' dir='ltr'>ad</span> <span class='ocrx_word' id='word_1_199' title='bbox 849 1781 1129 1836; x_wconf 74' lang='lat' dir='ltr'>dexteram</span> <span class='ocrx_word' id='word_1_200' title='bbox 1155 1818 1173 1848; x_wconf 73' lang='lat'>,</span> <span class='ocrx_word' id='word_1_201' title='bbox 1213 1779 1264 1830; x_wconf 80' lang='lat'>8&lt;</span> <span class='ocrx_word' id='word_1_202' title='bbox 1289 1797 1357 1833; x_wconf 80' lang='lat' dir='ltr'>ex</span> <span class='ocrx_word' id='word_1_203' title='bbox 1386 1795 1577 1851; x_wconf 80' lang='lat' dir='ltr'>aggere</span> <span class='ocrx_word' id='word_1_204' title='bbox 1606 1777 1696 1830; x_wconf 91' lang='lat' dir='ltr'>illo</span> <span class='ocrx_word' id='word_1_205' title='bbox 1725 1795 1921 1851; x_wconf 80' lang='lat' dir='ltr'>magno</span> <span class='ocrx_word' id='word_1_206' title='bbox 1947 1774 2241 1850; x_wconf 88' lang='lat' dir='ltr'>posterioris</span> <span class='ocrx_word' id='word_1_207' title='bbox 2270 1773 2335 1829; x_wconf 87' lang='lat' dir='ltr'>ad</span> <span class='ocrx_word' id='word_1_208' title='bbox 2361 1774 2476 1828; x_wconf 83' lang='lat' dir='ltr'>sini-</span> 
     </span>
     <span class='ocr_line' id='line_1_21' title="bbox 525 1853 2481 1930; baseline -0.006 -13"><span class='ocrx_word' id='word_1_209' title='bbox 525 1863 687 1917; x_wconf 83' lang='lat' dir='ltr'>stram</span> <span class='ocrx_word' id='word_1_210' title='bbox 718 1902 733 1930; x_wconf 84' lang='lat'>,</span> <span class='ocrx_word' id='word_1_211' title='bbox 774 1861 1071 1915; x_wconf 83' lang='lat' dir='ltr'>maximam</span> <span class='ocrx_word' id='word_1_212' title='bbox 1114 1857 1332 1930; x_wconf 87' lang='lat' dir='ltr'>quisque</span> <span class='ocrx_word' id='word_1_213' title='bbox 1371 1855 1632 1910; x_wconf 84' lang='lat' dir='ltr'>fatebitur·</span> <span class='ocrx_word' id='word_1_214' title='bbox 1672 1857 2070 1929; x_wconf 88' lang='lat' dir='ltr'>proportionem</span> <span class='ocrx_word' id='word_1_215' title='bbox 2112 1853 2481 1909; x_wconf 87' lang='lat' dir='ltr'>Sedimentum</span> 
     </span>
     <span class='ocr_line' id='line_1_22' title="bbox 529 1932 2476 2005; baseline -0.005 -11"><span class='ocrx_word' id='word_1_216' title='bbox 529 1938 829 1994; x_wconf 87' lang='lat' dir='ltr'>universum</span> <span class='ocrx_word' id='word_1_217' title='bbox 872 1956 995 1990; x_wconf 90' lang='lat' dir='ltr'>cum</span> <span class='ocrx_word' id='word_1_218' title='bbox 1034 1938 1195 2005; x_wconf 85' lang='lat' dir='ltr'>Aqua</span> <span class='ocrx_word' id='word_1_219' title='bbox 1233 1934 1470 1990; x_wconf 74' lang='lat' dir='ltr'>haberee</span> <span class='ocrx_word' id='word_1_220' title='bbox 1517 1933 1672 1987; x_wconf 83' lang='lat' dir='ltr'>Addo</span> <span class='ocrx_word' id='word_1_221' title='bbox 1710 1934 1829 1987; x_wconf 85' lang='lat' dir='ltr'>heic</span> <span class='ocrx_word' id='word_1_222' title='bbox 1871 1948 2082 1989; x_wconf 87' lang='lat' dir='ltr'>tantum</span> <span class='ocrx_word' id='word_1_223' title='bbox 2110 1932 2476 1986; x_wconf 88' lang='lat' dir='ltr'>Sedimentum</span> 
     </span>
     <span class='ocr_line' id='line_1_23' title="bbox 527 2008 2483 2090; baseline -0.006 -17"><span class='ocrx_word' id='word_1_224' title='bbox 527 2019 748 2090; x_wconf 74' lang='lat' dir='ltr'>vulgare</span> <span class='ocrx_word' id='word_1_225' title='bbox 791 2012 878 2067; x_wconf 89' lang='lat' dir='ltr'>seu</span> <span class='ocrx_word' id='word_1_226' title='bbox 905 2009 1176 2066; x_wconf 87' lang='lat' dir='ltr'>Limosum</span> <span class='ocrx_word' id='word_1_227' title='bbox 1205 2009 1363 2061; x_wconf 90' lang='lat' dir='ltr'>nostri</span> <span class='ocrx_word' id='word_1_228' title='bbox 1391 2008 1651 2059; x_wconf 86' lang='lat' dir='ltr'>Fluminis</span> <span class='ocrx_word' id='word_1_229' title='bbox 1677 2009 2018 2079; x_wconf 83' lang='lat' dir='ltr'>proportione</span> <span class='ocrx_word' id='word_1_230' title='bbox 2044 2009 2483 2064; x_wconf 76' lang='lat' dir='ltr'>convenirecum‘</span> 
     </span>
     <span class='ocr_line' id='line_1_24' title="bbox 528 2083 2482 2159; baseline -0.005 -11"><span class='ocrx_word' id='word_1_231' title='bbox 528 2094 822 2150; x_wconf 82' lang='lat' dir='ltr'>sedimento</span> <span class='ocrx_word' id='word_1_232' title='bbox 837 2090 1035 2155; x_wconf 76' lang='lat' dir='ltr'>NariS,</span> <span class='ocrx_word' id='word_1_233' title='bbox 1060 2085 1202 2159; x_wconf 88' lang='lat' dir='ltr'>quod</span> <span class='ocrx_word' id='word_1_234' title='bbox 1226 2104 1294 2138; x_wconf 86' lang='lat' dir='ltr'>ex</span> <span class='ocrx_word' id='word_1_235' title='bbox 1324 2083 1772 2138; x_wconf 85' lang='lat' dir='ltr'>observationibus</span> <span class='ocrx_word' id='word_1_236' title='bbox 1788 2085 2054 2158; x_wconf 88' lang='lat' dir='ltr'>Onuphrii</span> <span class='ocrx_word' id='word_1_237' title='bbox 2073 2086 2289 2142; x_wconf 90' lang='lat' dir='ltr'>Castelli</span> <span class='ocrx_word' id='word_1_238' title='bbox 2319 2087 2482 2159; x_wconf 86' lang='lat' dir='ltr'>(quas</span> 
     </span>
     <span class='ocr_line' id='line_1_25' title="bbox 527 2159 2484 2236; baseline -0.012 -8"><span class='ocrx_word' id='word_1_239' title='bbox 527 2190 711 2228; x_wconf 87' lang='lat' dir='ltr'>tamen</span> <span class='ocrx_word' id='word_1_240' title='bbox 739 2163 1090 2224; x_wconf 84' lang='lat' dir='ltr'>Bononienses</span> <span class='ocrx_word' id='word_1_241' title='bbox 1112 2163 1282 2232; x_wconf 82' lang='lat' dir='ltr'>rudeis</span> <span class='ocrx_word' id='word_1_242' title='bbox 1309 2160 1578 2236; x_wconf 86' lang='lat' dir='ltr'>appellant</span> <span class='ocrx_word' id='word_1_243' title='bbox 1607 2159 1627 2231; x_wconf 85' lang='lat'><em>)</em></span> <span class='ocrx_word' id='word_1_244' title='bbox 1670 2160 1741 2216; x_wconf 91' lang='lat' dir='ltr'>est</span> <span class='ocrx_word' id='word_1_245' title='bbox 1767 2181 1886 2235; x_wconf 90' lang='lat' dir='ltr'>pars</span> <span class='ocrx_word' id='word_1_246' title='bbox 1912 2162 2268 2219; x_wconf 84' lang='lat' dir='ltr'>decimasexta</span> <span class='ocrx_word' id='word_1_247' title='bbox 2296 2179 2320 2233; x_wconf 75' lang='lat'>3:</span> <span class='ocrx_word' id='word_1_248' title='bbox 2359 2182 2484 2236; x_wconf 67' lang='lat' dir='ltr'>qua-</span> 
     </span>
     <span class='ocr_line' id='line_1_26' title="bbox 526 2239 2481 2310; baseline -0.006 -4"><span class='ocrx_word' id='word_1_249' title='bbox 526 2271 584 2307; x_wconf 86' lang='lat' dir='ltr'>re</span> <span class='ocrx_word' id='word_1_250' title='bbox 612 2251 787 2305; x_wconf 90' lang='lat' dir='ltr'>variat</span> <span class='ocrx_word' id='word_1_251' title='bbox 814 2247 1045 2300; x_wconf 89' lang='lat' dir='ltr'>multum</span> <span class='ocrx_word' id='word_1_252' title='bbox 1088 2261 1118 2296; x_wconf 86' lang='lat' dir='ltr'>a</span> <span class='ocrx_word' id='word_1_253' title='bbox 1158 2240 1462 2296; x_wconf 89' lang='lat' dir='ltr'>Sedimento</span> <span class='ocrx_word' id='word_1_254' title='bbox 1503 2241 1636 2295; x_wconf 88' lang='lat' dir='ltr'>item</span> <span class='ocrx_word' id='word_1_255' title='bbox 1663 2239 1847 2295; x_wconf 90' lang='lat' dir='ltr'>limoso</span> <span class='ocrx_word' id='word_1_256' title='bbox 1888 2242 2067 2296; x_wconf 88' lang='lat' dir='ltr'>Rheni</span> <span class='ocrx_word' id='word_1_257' title='bbox 2097 2242 2429 2297; x_wconf 84' lang='lat' dir='ltr'>Bononiensis</span> <span class='ocrx_word' id='word_1_258' title='bbox 2460 2257 2481 2310; x_wconf 74' lang='lat'>3</span> 
     </span>
     <span class='ocr_line' id='line_1_27' title="bbox 527 2316 2484 2390; baseline -0.006 -6"><span class='ocrx_word' id='word_1_259' title='bbox 527 2349 654 2384; x_wconf 86' lang='lat' dir='ltr'>nam</span> <span class='ocrx_word' id='word_1_260' title='bbox 682 2329 762 2382; x_wconf 89' lang='lat' dir='ltr'>uti</span> <span class='ocrx_word' id='word_1_261' title='bbox 788 2324 1093 2379; x_wconf 87' lang='lat' dir='ltr'>solemniter</span> <span class='ocrx_word' id='word_1_262' title='bbox 1118 2318 1461 2374; x_wconf 81' lang='lat' dir='ltr'>observarunt</span> <span class='ocrx_word' id='word_1_263' title='bbox 1488 2316 1590 2390; x_wconf 77' lang='lat' dir='ltr'>(a)</span> <span class='ocrx_word' id='word_1_264' title='bbox 1614 2333 1736 2373; x_wconf 90' lang='lat' dir='ltr'>ante</span> <span class='ocrx_word' id='word_1_265' title='bbox 1765 2317 1908 2373; x_wconf 87' lang='lat' dir='ltr'>diem</span> <span class='ocrx_word' id='word_1_266' title='bbox 1935 2318 2053 2375; x_wconf 74' lang='grc' dir='ltr'><strong>ΓΙΪΪ.</strong></span> <span class='ocrx_word' id='word_1_267' title='bbox 2085 2319 2351 2374; x_wconf 77' lang='lat' dir='ltr'>Cal&#39;endas</span> <span class='ocrx_word' id='word_1_268' title='bbox 2382 2322 2484 2374; x_wconf 90' lang='lat' dir='ltr'>Fe-</span> 
     </span>
     <span class='ocr_line' id='line_1_28' title="bbox 529 2397 2483 2468; baseline -0.005 -8"><span class='ocrx_word' id='word_1_269' title='bbox 529 2407 774 2460; x_wconf 84' lang='lat' dir='ltr'>bruarias</span> <span class='ocrx_word' id='word_1_270' title='bbox 795 2422 931 2458; x_wconf 91' lang='lat' dir='ltr'>anno</span> <span class='ocrx_word' id='word_1_271' title='bbox 963 2413 1382 2456; x_wconf 72' lang='lat' dir='ltr'>Cloioccxx.</span> <span class='ocrx_word' id='word_1_272' title='bbox 1411 2400 1612 2450; x_wconf 89' lang='lat' dir='ltr'>Lutum</span> <span class='ocrx_word' id='word_1_273' title='bbox 1636 2397 1819 2451; x_wconf 44' lang='lat' dir='ltr'>Rheni&gt;</span> <span class='ocrx_word' id='word_1_274' title='bbox 1832 2398 2163 2454; x_wconf 82' lang='lat' dir='ltr'>Bononiensis</span> <span class='ocrx_word' id='word_1_275' title='bbox 2188 2398 2259 2453; x_wconf 90' lang='lat' dir='ltr'>est</span> <span class='ocrx_word' id='word_1_276' title='bbox 2285 2397 2357 2452; x_wconf 89' lang='lat' dir='ltr'>ad.</span> <span class='ocrx_word' id='word_1_277' title='bbox 2377 2397 2483 2468; x_wconf 88' lang='lat' dir='ltr'>ejus</span> 
     </span>
     <span class='ocr_line' id='line_1_29' title="bbox 531 2473 2482 2557; baseline -0.006 -18"><span class='ocrx_word' id='word_1_278' title='bbox 531 2487 782 2557; x_wconf 85' lang='lat' dir='ltr'>Aquam,</span> <span class='ocrx_word' id='word_1_279' title='bbox 822 2498 880 2535; x_wconf 90' lang='lat' dir='ltr'>ut</span> <span class='ocrx_word' id='word_1_280' title='bbox 914 2496 956 2534; x_wconf 89' lang='grc' dir='ltr'>Ι.</span> <span class='ocrx_word' id='word_1_281' title='bbox 985 2479 1050 2533; x_wconf 90' lang='lat' dir='ltr'>ad</span> <span class='ocrx_word' id='word_1_282' title='bbox 1082 2491 1319 2532; x_wconf 86' lang='lat' dir='ltr'>CLXXV</span> <span class='ocrx_word' id='word_1_283' title='bbox 1328 2514 1346 2530; x_wconf 29' lang='grc' dir='ltr'>,ψ</span> <span class='ocrx_word' id='word_1_284' title='bbox 1372 2475 1548 2530; x_wconf 84' lang='lat' dir='ltr'>decies.</span> <span class='ocrx_word' id='word_1_285' title='bbox 1567 2473 1760 2531; x_wconf 82' lang='lat' dir='ltr'>scilicet</span> <span class='ocrx_word' id='word_1_286' title='bbox 1790 2476 1962 2529; x_wconf 86' lang='lat' dir='ltr'>minus</span> <span class='ocrx_word' id='word_1_287' title='bbox 1988 2477 2038 2528; x_wconf 74' lang='grc' dir='ltr'>δε</span> <span class='ocrx_word' id='word_1_288' title='bbox 2065 2477 2288 2548; x_wconf 90' lang='lat' dir='ltr'>amplius</span> <span class='ocrx_word' id='word_1_289' title='bbox 2317 2493 2482 2548; x_wconf 86' lang='lat' dir='ltr'>quam</span> 
     </span>
     <span class='ocr_line' id='line_1_30' title="bbox 530 2552 2485 2628; baseline -0.006 -11"><span class='ocrx_word' id='word_1_290' title='bbox 530 2563 764 2617; x_wconf 88' lang='lat' dir='ltr'>nostrum</span> <span class='ocrx_word' id='word_1_291' title='bbox 794 2558 1025 2613; x_wconf 86' lang='lat' dir='ltr'>&amp;Naris</span> <span class='ocrx_word' id='word_1_292' title='bbox 1039 2573 1056 2625; x_wconf 75' lang='lat'><em>3</em></span> <span class='ocrx_word' id='word_1_293' title='bbox 1087 2555 1225 2628; x_wconf 85' lang='lat' dir='ltr'>quod</span> <span class='ocrx_word' id='word_1_294' title='bbox 1243 2554 1472 2608; x_wconf 88' lang='lat' dir='ltr'>multum</span> <span class='ocrx_word' id='word_1_295' title='bbox 1486 2552 1641 2608; x_wconf 85' lang='lat' dir='ltr'>valde</span> <span class='ocrx_word' id='word_1_296' title='bbox 1669 2552 1740 2607; x_wconf 89' lang='lat' dir='ltr'>est</span> <span class='ocrx_word' id='word_1_297' title='bbox 1760 2593 1772 2606; x_wconf 89' lang='lat'><strong>.</strong></span> <span class='ocrx_word' id='word_1_298' title='bbox 1804 2556 1876 2608; x_wconf 87' lang='lat' dir='ltr'>Et</span> <span class='ocrx_word' id='word_1_299' title='bbox 1892 2553 2111 2627; x_wconf 85' lang='lat' dir='ltr'>quidem</span> <span class='ocrx_word' id='word_1_300' title='bbox 2123 2554 2300 2609; x_wconf 77' lang='lat' dir='ltr'>fateor</span> <span class='ocrx_word' id='word_1_301' title='bbox 2323 2555 2357 2607; x_wconf 86' lang='lat' dir='ltr'>si</span> <span class='ocrx_word' id='word_1_302' title='bbox 2377 2553 2485 2607; x_wconf 88' lang='lat' dir='ltr'>Ob-</span> 
     </span>
     <span class='ocr_line' id='line_1_31' title="bbox 536 2627 2482 2706; baseline -0.005 -13"><span class='ocrx_word' id='word_1_303' title='bbox 536 2640 862 2696; x_wconf 85' lang='lat' dir='ltr'>servationes</span> <span class='ocrx_word' id='word_1_304' title='bbox 889 2636 1012 2689; x_wconf 87' lang='lat' dir='ltr'>illae</span> <span class='ocrx_word' id='word_1_305' title='bbox 1038 2653 1134 2706; x_wconf 84' lang='lat' dir='ltr'>pro</span> <span class='ocrx_word' id='word_1_306' title='bbox 1151 2631 1553 2687; x_wconf 84' lang='lat' dir='ltr'>Bononiensibus</span> <span class='ocrx_word' id='word_1_307' title='bbox 1580 2650 1685 2684; x_wconf 90' lang='lat' dir='ltr'>nori</span> <span class='ocrx_word' id='word_1_308' title='bbox 1713 2647 1828 2686; x_wconf 90' lang='lat' dir='ltr'>tam</span> <span class='ocrx_word' id='word_1_309' title='bbox 1853 2630 2158 2687; x_wconf 87' lang='lat' dir='ltr'>solemniter</span> <span class='ocrx_word' id='word_1_310' title='bbox 2172 2627 2379 2686; x_wconf 80' lang='lat' dir='ltr'>fuissent</span> <span class='ocrx_word' id='word_1_311' title='bbox 2405 2632 2482 2684; x_wconf 88' lang='lat' dir='ltr'>in-</span> 
     </span>
     <span class='ocr_line' id='line_1_32' title="bbox 536 2709 2484 2788; baseline -0.006 -14"><span class='ocrx_word' id='word_1_312' title='bbox 536 2720 746 2774; x_wconf 76' lang='lat' dir='ltr'>stitutae</span> <span class='ocrx_word' id='word_1_313' title='bbox 763 2758 777 2784; x_wconf 77' lang='lat'>,</span> <span class='ocrx_word' id='word_1_314' title='bbox 806 2714 1090 2788; x_wconf 85' lang='lat' dir='ltr'>suspicarer</span> <span class='ocrx_word' id='word_1_315' title='bbox 1115 2709 1313 2784; x_wconf 88' lang='lat' dir='ltr'>aliquid</span> <span class='ocrx_word' id='word_1_316' title='bbox 1340 2709 1538 2763; x_wconf 89' lang='lat' dir='ltr'>subdoli</span> <span class='ocrx_word' id='word_1_317' title='bbox 1564 2710 1618 2762; x_wconf 87' lang='lat' dir='ltr'>in</span> <span class='ocrx_word' id='word_1_318' title='bbox 1645 2711 1746 2763; x_wconf 87' lang='lat' dir='ltr'>illis</span> <span class='ocrx_word' id='word_1_319' title='bbox 1772 2710 1935 2766; x_wconf 90' lang='lat' dir='ltr'>latere</span> <span class='ocrx_word' id='word_1_320' title='bbox 1952 2751 1968 2780; x_wconf 82' lang='grc'>,</span> <span class='ocrx_word' id='word_1_321' title='bbox 2008 2710 2148 2785; x_wconf 88' lang='lat' dir='ltr'>quod</span> <span class='ocrx_word' id='word_1_322' title='bbox 2188 2729 2221 2764; x_wconf 86' lang='lat' dir='ltr'>a·</span> <span class='ocrx_word' id='word_1_323' title='bbox 2245 2710 2484 2784; x_wconf 87' lang='lat' dir='ltr'>partium</span> 
     </span>
     <span class='ocr_line' id='line_1_33' title="bbox 534 2787 2484 2866; baseline -0.005 -15"><span class='ocrx_word' id='word_1_324' title='bbox 534 2797 699 2851; x_wconf 75' lang='lat' dir='ltr'>studio</span> <span class='ocrx_word' id='word_1_325' title='bbox 727 2794 850 2850; x_wconf 85' lang='lat' dir='ltr'>esset</span> <span class='ocrx_word' id='word_1_326' title='bbox 877 2788 1202 2866; x_wconf 60' lang='lat' dir='ltr'>pmfefilum,</span> <span class='ocrx_word' id='word_1_327' title='bbox 1231 2788 1432 2862; x_wconf 85' lang='lat' dir='ltr'>&amp;quod</span> <span class='ocrx_word' id='word_1_328' title='bbox 1461 2789 1536 2844; x_wconf 88' lang='lat' dir='ltr'>rei</span> <span class='ocrx_word' id='word_1_329' title='bbox 1563 2805 1725 2860; x_wconf 86' lang='lat' dir='ltr'>quam</span> <span class='ocrx_word' id='word_1_330' title='bbox 1753 2791 2011 2862; x_wconf 87' lang='lat' dir='ltr'>parabant</span> <span class='ocrx_word' id='word_1_331' title='bbox 2037 2787 2383 2844; x_wconf 86' lang='lat' dir='ltr'>Bononienses</span> <span class='ocrx_word' id='word_1_332' title='bbox 2410 2787 2484 2841; x_wconf 89' lang='lat' dir='ltr'>fa-</span> 
     </span>
     <span class='ocr_line' id='line_1_34' title="bbox 529 2865 2480 2940; baseline -0.007 -9"><span class='ocrx_word' id='word_1_333' title='bbox 529 2891 684 2931; x_wconf 78' lang='lat' dir='ltr'>veret</span> <span class='ocrx_word' id='word_1_334' title='bbox 712 2914 726 2928; x_wconf 88' lang='lat'><strong>.</strong></span> <span class='ocrx_word' id='word_1_335' title='bbox 771 2875 972 2927; x_wconf 88' lang='lat' dir='ltr'>Verum</span> <span class='ocrx_word' id='word_1_336' title='bbox 1014 2869 1093 2922; x_wconf 89' lang='lat' dir='ltr'>his</span> <span class='ocrx_word' id='word_1_337' title='bbox 1119 2868 1277 2923; x_wconf 80' lang='lat' dir='ltr'>missis</span> <span class='ocrx_word' id='word_1_338' title='bbox 1303 2884 1453 2940; x_wconf 88' lang='lat' dir='ltr'>patet</span> <span class='ocrx_word' id='word_1_339' title='bbox 1494 2868 1650 2921; x_wconf 83' lang='lat' dir='ltr'>Mare</span> <span class='ocrx_word' id='word_1_340' title='bbox 1680 2868 1910 2923; x_wconf 88' lang='lat' dir='ltr'>nostrum</span> <span class='ocrx_word' id='word_1_341' title='bbox 1954 2888 2021 2922; x_wconf 84' lang='lat' dir='ltr'>ex</span> <span class='ocrx_word' id='word_1_342' title='bbox 2049 2867 2241 2922; x_wconf 90' lang='lat' dir='ltr'>crebro</span> <span class='ocrx_word' id='word_1_343' title='bbox 2275 2865 2480 2922; x_wconf 81' lang='lat' dir='ltr'>affluxu</span> 
     </span>
     <span class='ocr_line' id='line_1_35' title="bbox 532 2942 2482 3020; baseline -0.006 -12"><span class='ocrx_word' id='word_1_344' title='bbox 532 2953 825 3008; x_wconf 80' lang='lat' dir='ltr'>Sedimenti</span> <span class='ocrx_word' id='word_1_345' title='bbox 865 2947 1121 3004; x_wconf 84' lang='lat' dir='ltr'>terrestris</span> <span class='ocrx_word' id='word_1_346' title='bbox 1161 2966 1229 3002; x_wconf 81' lang='lat' dir='ltr'>ex</span> <span class='ocrx_word' id='word_1_347' title='bbox 1258 2946 1588 2999; x_wconf 79' lang='lat' dir='ltr'>Fluminibus</span> <span class='ocrx_word' id='word_1_348' title='bbox 1628 2962 1741 3000; x_wconf 88' lang='lat' dir='ltr'>tam</span> <span class='ocrx_word' id='word_1_349' title='bbox 1781 2945 1982 3020; x_wconf 89' lang='lat' dir='ltr'>copiose</span> <span class='ocrx_word' id='word_1_350' title='bbox 2025 2943 2239 3001; x_wconf 58' lang='lat' dir='ltr'>adveffii</span> <span class='ocrx_word' id='word_1_351' title='bbox 2274 2942 2330 2997; x_wconf 84' lang='lat' dir='ltr'>in</span> <span class='ocrx_word' id='word_1_352' title='bbox 2374 2942 2482 2997; x_wconf 90' lang='lat' dir='ltr'>dies</span> 
     </span>
     <span class='ocr_line' id='line_1_36' title="bbox 537 3022 2487 3097; baseline -0.006 -11"><span class='ocrx_word' id='word_1_353' title='bbox 537 3032 748 3088; x_wconf 79' lang='lat' dir='ltr'>attolli.</span> <span class='ocrx_word' id='word_1_354' title='bbox 792 3032 877 3082; x_wconf 87' lang='lat' dir='ltr'>An</span> <span class='ocrx_word' id='word_1_355' title='bbox 909 3028 960 3082; x_wconf 85' lang='lat' dir='ltr'>id</span> <span class='ocrx_word' id='word_1_356' title='bbox 987 3027 1151 3082; x_wconf 87' lang='lat' dir='ltr'>etiam</span> <span class='ocrx_word' id='word_1_357' title='bbox 1180 3026 1422 3092; x_wconf 79' lang='lat' dir='ltr'>eveniat,</span> <span class='ocrx_word' id='word_1_358' title='bbox 1464 3023 1601 3097; x_wconf 86' lang='lat' dir='ltr'>quod</span> <span class='ocrx_word' id='word_1_359' title='bbox 1629 3028 1808 3079; x_wconf 85' lang='lat' dir='ltr'>omnia</span> <span class='ocrx_word' id='word_1_360' title='bbox 1834 3024 2049 3093; x_wconf 80' lang='lat' dir='ltr'>sensim,</span> <span class='ocrx_word' id='word_1_361' title='bbox 2082 3037 2140 3077; x_wconf 77' lang='lat' dir='ltr'>ut&#39;</span> <span class='ocrx_word' id='word_1_362' title='bbox 2169 3022 2272 3078; x_wconf 83' lang='lat' dir='ltr'>sert</span> <span class='ocrx_word' id='word_1_363' title='bbox 2299 3023 2487 3076; x_wconf 67' lang='lat' dir='ltr'>NeWr</span> 
     </span>
     <span class='ocr_line' id='line_1_37' title="bbox 537 3099 2487 3176; baseline -0.006 -13"><span class='ocrx_word' id='word_1_364' title='bbox 537 3112 754 3163; x_wconf 80' lang='lat' dir='ltr'>toniana</span> <span class='ocrx_word' id='word_1_365' title='bbox 769 3105 1039 3174; x_wconf 58' lang='lat' dir='ltr'>dofftrina,</span> <span class='ocrx_word' id='word_1_366' title='bbox 1068 3103 1134 3159; x_wconf 84' lang='lat' dir='ltr'>ad</span> <span class='ocrx_word' id='word_1_367' title='bbox 1149 3106 1512 3176; x_wconf 84' lang='lat' dir='ltr'>Aequatorem</span> <span class='ocrx_word' id='word_1_368' title='bbox 1539 3106 1834 3172; x_wconf 79' lang='lat' dir='ltr'>confluant,</span> <span class='ocrx_word' id='word_1_369' title='bbox 1874 3104 1951 3157; x_wconf 89' lang='lat' dir='ltr'>uti</span> <span class='ocrx_word' id='word_1_370' title='bbox 1984 3100 2262 3175; x_wconf 88' lang='lat' dir='ltr'>suspicatus</span> <span class='ocrx_word' id='word_1_371' title='bbox 2287 3099 2359 3154; x_wconf 90' lang='lat' dir='ltr'>est</span> <span class='ocrx_word' id='word_1_372' title='bbox 2388 3100 2487 3152; x_wconf 87' lang='lat' dir='ltr'>Vir</span> 
     </span>
     <span class='ocr_line' id='line_1_38' title="bbox 539 3178 2485 3254; baseline -0.006 -14"><span class='ocrx_word' id='word_1_373' title='bbox 539 3189 766 3240; x_wconf 67' lang='lat' dir='ltr'>eximius</span> <span class='ocrx_word' id='word_1_374' title='bbox 799 3185 1036 3240; x_wconf 83' lang='lat' dir='ltr'>Andreas</span> <span class='ocrx_word' id='word_1_375' title='bbox 1063 3182 1262 3237; x_wconf 79' lang='lat' dir='ltr'>Celsius</span> <span class='ocrx_word' id='word_1_376' title='bbox 1290 3179 1601 3254; x_wconf 87' lang='lat' dir='ltr'>Vpsaliensis</span> <span class='ocrx_word' id='word_1_377' title='bbox 1627 3221 1643 3251; x_wconf 81' lang='grc'>,</span> <span class='ocrx_word' id='word_1_378' title='bbox 1684 3200 1808 3235; x_wconf 89' lang='lat' dir='ltr'>nam</span> <span class='ocrx_word' id='word_1_379' title='bbox 1836 3200 1999 3254; x_wconf 89' lang='lat' dir='ltr'>quum</span> <span class='ocrx_word' id='word_1_380' title='bbox 2028 3181 2152 3235; x_wconf 82' lang='lat' dir='ltr'>esset</span> <span class='ocrx_word' id='word_1_381' title='bbox 2197 3178 2333 3253; x_wconf 89' lang='lat' dir='ltr'>apud</span> <span class='ocrx_word' id='word_1_382' title='bbox 2365 3196 2485 3246; x_wconf 85' lang='lat' dir='ltr'>nos,</span> 
     </span>
     <span class='ocr_line' id='line_1_39' title="bbox 540 3255 2486 3338; baseline -0.004 -21"><span class='ocrx_word' id='word_1_383' title='bbox 540 3265 593 3317; x_wconf 78' lang='lat'>8&lt;</span> <span class='ocrx_word' id='word_1_384' title='bbox 622 3264 716 3338; x_wconf 82' lang='lat' dir='ltr'>ipfi</span> <span class='ocrx_word' id='word_1_385' title='bbox 740 3263 1065 3318; x_wconf 74' lang='lat' dir='ltr'>ostendissem</span> <span class='ocrx_word' id='word_1_386' title='bbox 1105 3279 1211 3335; x_wconf 59' lang='lat' dir='ltr'>ego*</span> <span class='ocrx_word' id='word_1_387' title='bbox 1245 3277 1440 3316; x_wconf 84' lang='lat' dir='ltr'>eventa</span> <span class='ocrx_word' id='word_1_388' title='bbox 1467 3260 1615 3314; x_wconf 86' lang='lat' dir='ltr'>varia</span> <span class='ocrx_word' id='word_1_389' title='bbox 1654 3260 1823 3315; x_wconf 87' lang='lat' dir='ltr'>Maris</span> <span class='ocrx_word' id='word_1_390' title='bbox 1850 3258 2052 3329; x_wconf 77' lang='lat' dir='ltr'>nostri,</span> <span class='ocrx_word' id='word_1_391' title='bbox 2093 3260 2143 3311; x_wconf 79' lang='lat'>8&lt;</span> <span class='ocrx_word' id='word_1_392' title='bbox 2170 3255 2486 3332; x_wconf 84' lang='lat' dir='ltr'>praesertim</span> 
     </span>
     <span class='ocr_line' id='line_1_40' title="bbox 544 3337 2470 3391; baseline -0.004 8"><span class='ocrx_word' id='word_1_393' title='bbox 544 3368 552 3373; x_wconf 75' lang='lat'><strong>·</strong></span> <span class='ocrx_word' id='word_1_394' title='bbox 2267 3337 2406 3389; x_wconf 84' lang='lat' dir='ltr'>hane</span> <span class='ocrx_word' id='word_1_395' title='bbox 2467 3385 2470 3391; x_wconf 78' lang='grc'><strong>,</strong></span> 
     </span>
    </p>
   </div>
   <div class='ocr_carea' id='block_1_2' title="bbox 564 3435 2371 3497">
    <p class='ocr_par' dir='ltr' id='par_1_2' title="bbox 564 3435 2371 3497">
     <span class='ocr_line' id='line_1_41' title="bbox 564 3435 2371 3497; baseline -0.006 -13"><span class='ocrx_word' id='word_1_396' title='bbox 564 3435 645 3493; x_wconf 70' lang='lat' dir='ltr'>(a)</span> <span class='ocrx_word' id='word_1_397' title='bbox 671 3438 869 3482; x_wconf 85' lang='lat' dir='ltr'>Memoria</span> <span class='ocrx_word' id='word_1_398' title='bbox 886 3441 928 3482; x_wconf 84' lang='lat' dir='ltr'>in</span> <span class='ocrx_word' id='word_1_399' title='bbox 950 3440 1087 3482; x_wconf 66' lang='lat' dir='ltr'>favore</span> <span class='ocrx_word' id='word_1_400' title='bbox 1106 3440 1404 3496; x_wconf 73' lang='lat' dir='ltr'>de&#39;Bol&#39;ognesi.</span> <span class='ocrx_word' id='word_1_401' title='bbox 1433 3444 1538 3483; x_wconf 81' lang='lat' dir='ltr'>Nota</span> <span class='ocrx_word' id='word_1_402' title='bbox 1557 3445 1797 3497; x_wconf 73' lang='lat' dir='ltr'>1.pag.341.</span> <span class='ocrx_word' id='word_1_403' title='bbox 1819 3441 1927 3481; x_wconf 78' lang='lat' dir='ltr'>Edit.</span> <span class='ocrx_word' id='word_1_404' title='bbox 1942 3439 2179 3479; x_wconf 54' lang='lat' dir='ltr'>Flora-nime</span> <span class='ocrx_word' id='word_1_405' title='bbox 2202 3439 2278 3478; x_wconf 85' lang='lat' dir='ltr'>To:</span> <span class='ocrx_word' id='word_1_406' title='bbox 2294 3438 2371 3477; x_wconf 82' lang='lat' dir='ltr'>HI.</span> 
     </span>
    </p>
   </div>
  </div>
 </body>
</html>
