2643 4060
625 215 717 278 σο
1031 208 1992 287 ΞΡΕΕΙΜΕΝ,

862 349 1765 426 PROPOSITIO
1875 354 2125 425 VIII.

525 501 722 572 Mare
761 498 936 596 apud
974 524 1094 568 nos
1141 496 1416 598 singulis
1465 497 1651 570 horis
1696 500 1765 569 in
1803 499 2024 571 Fluxu
2076 497 2158 569 ad
2211 521 2469 593 unam}

624 619 741 671 aut
780 602 1060 677 alteram
1087 603 1379 674 Vnciam
1421 604 1633 703 vulgo
1674 604 1997 703 assurgit,
2054 603 2147 673 ita
2202 603 2461 675 descen-

625 706 850 777 dendo
884 706 1190 804 procedit
1226 706 1296 775 in
1328 705 1617 778 Refiuxu
1643 763 1661 798 ,
1716 708 1823 777 sed
1861 709 1930 776 in
1961 707 2188 777 medio
2215 709 2465 780 Fluxus

624 810 826 881 tertia
862 811 1109 881 scilicet
1166 810 1277 880 Vel
1324 832 1559 910 quarta
1601 812 1770 881 hora
1817 811 2115 880 veIocius
2160 811 2411 880 incedit
2444 863 2467 902 ‚

625 914 695 988 δε
723 913 906 984 velut
939 915 1090 985 salit
1113 970 1132 1005 ,
1164 933 1240 983 ut
1269 916 1349 984 ad
1379 915 1535 985 treis
1573 916 1678 984 vel
1719 934 2010 1013 quatuor
2037 915 2263 984 uncias
2303 933 2467 984 tunc

630 1018 944 1089 ascendat
971 1074 989 1109 ,
1045 1017 1286 1089 deinde
1328 1017 1409 1087 ad
1448 1018 1807 1113 pristinum
1844 1018 2101 1087 unciale
2150 1043 2474 1117 augmen-

626 1140 781 1192 tum
819 1121 1034 1191 redit.
1092 1125 1193 1191 Ita
1230 1121 1300 1190 in
1331 1120 1619 1192 Refluxu
1665 1122 1974 1218 procedit
2008 1177 2026 1211 ,
2085 1141 2162 1190 ut
2196 1121 2476 1221 singulis

626 1225 817 1296 horis
857 1225 939 1295 ad
976 1251 1184 1295 unam
1224 1244 1339 1295 aut
1369 1227 1653 1295 alteram
1684 1225 1954 1296 unciam
1987 1225 2332 1295 descendat
2356 1280 2374 1315 ,
2411 1223 2480 1296 δε

630 1329 704 1398 in
732 1330 961 1399 medio
991 1328 1072 1398 ad
1103 1329 1262 1398 treis
1301 1330 1407 1398 vel
1450 1349 1742 1427 quatuor
1776 1384 1793 1418 ,
1852 1328 2088 1397 deinde
2134 1347 2209 1396 ut
2240 1326 2320 1396 ab
2351 1327 2477 1396 ini-

630 1432 737 1502 tio
780 1432 842 1500 se
879 1432 1279 1529 componit.
1335 1434 1639 1529 Vterque
1678 1434 1924 1519 Saltus,
1966 1449 2042 1498 ut
2077 1431 2170 1498 ita
2200 1432 2479 1527 loquar,

630 1533 1055 1605 manifestior
1090 1534 1180 1604 est
1212 1534 1281 1603 in
1318 1533 1538 1605 Fluxu
1572 1533 1639 1607 ὅ(
1669 1532 1957 1603 Refluxu
1985 1532 2107 1603 illo
2135 1530 2479 1634 longiori,
2555 1607 2558 1608 γ

633 1638 790 1736 qui,
832 1658 908 1710 ut
938 1638 1128 1730 dixi,
1182 1637 1388 1709 semel
1431 1638 1500 1708 in
1535 1638 1639 1708 die
1676 1636 2020 1739 contingit
2045 1695 2060 1708 .

1024 1790 1066 1841 S
1145 1788 1195 1841 C
1277 1791 1340 1839 H
1410 1789 1457 1841 Ο
1536 1788 1585 1841 L
1664 1789 1697 1839 I
1770 1789 1824 1839 V
1891 1787 1984 1839 M.

530 1906 650 2051 P
668 1907 946 1978 Ropositio
973 1905 1106 1962 haec
1131 1906 1293 1962 habet
1321 1908 1451 1961 novi
1480 1905 1709 1981 aliquid,
1735 1906 1987 1980 quoniam
2016 1923 2046 1958 a
2071 1905 2316 1973 nemine,
2344 1898 2484 1975 quod

702 1982 894 2051 sciam,
938 1984 1107 2035 adhuc
1148 1985 1307 2035 fuerit
1349 1984 1691 2035 observatum
1720 2020 1736 2048 ,
1778 1999 1924 2033 mare
1967 1981 2165 2035 scilicet
2209 1984 2266 2035 in
2305 1980 2481 2034 medio

530 2063 766 2130 Fluxus,
805 2056 895 2114 vel
921 2061 1178 2113 Refluxus
1215 2056 1540 2111 ascendendo
1582 2057 1670 2112 vel
1697 2055 2054 2113 descendendo
2095 2057 2328 2113 velocius
2363 2058 2439 2113 ire
2467 2095 2486 2126 ‚

532 2154 589 2193 ut
617 2137 808 2193 saltum
836 2135 1123 2210 quemdam
1151 2135 1272 2190 edat
1301 2175 1317 2203 ,
1357 2134 1545 2190 deinde
1571 2173 1588 2203 ‚
1636 2149 1693 2188 ut
1721 2134 1787 2188 ab
1815 2135 1969 2190 initio
1996 2150 2110 2189 erat
2128 2173 2144 2203 ,
2185 2133 2234 2188 se
2253 2134 2302 2188 se
2346 2153 2484 2189 com-

529 2235 727 2291 ponere
755 2217 805 2268 8<
831 2213 1141 2288 procedere.
1185 2215 1238 2267 81·
1267 2212 1438 2275 Saltus
1464 2212 1555 2266 iste
1590 2212 1645 2266 in
1671 2210 1879 2266 ascensu
1906 2214 1955 2265 8<
1981 2210 2226 2267 descensu
2251 2231 2484 2266 commu-

529 2296 608 2350 nis
636 2294 708 2351 est
732 2294 973 2349 omnibus
1001 2292 1156 2361 lociS‚
1181 2291 1237 2344 in
1265 2290 1450 2363 quibus
1478 2293 1634 2346 Mare
1663 2289 1859 2344 aestuat
1886 2330 1902 2359 ,
1944 2289 2380 2344 manifestissimus
2412 2288 2483 2346 es-

526 2372 580 2428 se
607 2373 762 2426 debet
787 2372 850 2424 iis
877 2374 933 2424 in
957 2371 1082 2425 locis
1109 2409 1125 2438 ‚
1167 2368 1352 2442 quibus
1382 2367 1447 2423 ad
1475 2368 1827 2442 quadraginta
1843 2369 2072 2441 quinque
2102 2367 2263 2422 Pedes
2306 2366 2479 2422 ascen-

530 2449 610 2503 sus
651 2449 742 2502 iste
785 2449 835 2501 &
876 2447 1138 2502 descensus
1180 2446 1397 2501 extendi
1438 2445 1631 2499 dicitur
1657 2486 1670 2500 .
1714 2446 1796 2498 Ibi
1825 2447 1971 2499 enim
2006 2447 2061 2498 in
2095 2445 2270 2499 medio
2314 2444 2485 2499 aestus

530 2528 685 2582 unica
712 2526 843 2579 hora
878 2525 1058 2579 decem
1085 2524 1171 2579 vel
1198 2523 1502 2597 quindecim
1529 2523 1688 2579 Pedes
1728 2521 1970 2577 ascendet
1999 2562 2016 2592 ‚
2057 2521 2143 2577 vel
2173 2520 2481 2589 descendet,

533 2605 675 2678 quod
717 2605 915 2659 mirum
955 2602 1240 2658 admodum
1278 2600 1352 2657 est
1375 2640 1393 2673 ,
1435 2618 1601 2673 eoque
1639 2601 1809 2676 magis
1860 2600 2001 2675 quod
2041 2619 2072 2656 a
2112 2600 2331 2658 nemine
2372 2617 2484 2663 me-¹

537 2699 778 2740 moretur
803 2722 816 2740 .

845 2813 1781 2903 PROPOSITIO
1873 2815 2165 2894 VIIII„

527 2956 716 3033 Inter
770 2960 1070 3048 Fluxum
1119 2960 1188 3035 ὃς
1242 2959 1607 3035 Refluxum
1675 2961 2121 3063 Aquistitium
2192 2955 2487 3052 acciditg

640 3068 824 3165 quod
862 3068 1056 3136 Mare
1084 3065 1331 3136 scilicet
1389 3083 1547 3136 tunc
1594 3092 1807 3166 neque
1859 3065 2209 3157 ascendat,
2265 3090 2484 3162 neque

642 3169 989 3240 descendat
1025 3226 1043 3261 ,
1097 3169 1202 3240 sed
1242 3170 1614 3239 immotum
1658 3169 1826 3241 stare
1863 3169 2171 3240 videatur
2198 3221 2213 3238 .
2270 3169 2486 3267 Aqui-

641 3270 901 3363 {titium
931 3273 1065 3367 hoc
1105 3272 1562 3347 communiter
1596 3273 1814 3375 spatio
1848 3273 2043 3347 unius
2082 3272 2292 3345 horae
2325 3288 2488 3353 con-«j

2280 3393 2409 3435 Une·
