2643 4060
611 234 667 296 6
995 227 1972 303 PRAEFATIO.

521 389 877 449 congenerum
916 369 996 425 his
1021 369 1111 426 sit.
1157 373 1377 445 Propter
1406 374 1708 447 Operarum
1749 373 2012 432 defefflum
2048 373 2152 429 hoc
2178 373 2313 432 libro
2353 395 2458 433 non

524 455 581 507 in
607 451 816 525 singulis
844 450 1035 523 figuras
1063 448 1383 519 addidimus,
1416 453 1751 525 quinetiam,
1791 471 1849 508 ut
1891 471 2077 509 verum
2119 454 2344 527 ingenue
2384 455 2457 509 fa-

524 547 675 595 tear,
715 529 765 580 8<
789 543 847 581 ut
888 547 955 582 ex
998 526 1340 601 descriptione
1383 530 1569 584 melius
1611 533 1914 604 apparebit,
1956 530 2222 586 interdum
2263 530 2460 605 figurae

519 625 632 664 non
659 607 875 661 omnino
902 605 1190 678 exquisite,
1227 607 1278 659 ὃς
1303 606 1544 661 omnibus
1570 612 1800 665 numeris
1828 609 2119 665 absolutam
2147 628 2262 664 rem
2289 610 2461 682 expri-

519 699 711 753 munt,
750 702 914 757 quum
940 684 1183 741 Tabulae
1224 683 1311 740 vel
1338 687 1604 743 Bononiae
1630 727 1649 757 ‚
1687 688 1774 744 vel
1801 689 2042 742 Venetiis
2084 685 2303 743 excusae
2330 687 2462 757 fint‚

522 778 753 835 quarum
779 764 991 836 Operae
1017 777 1075 816 ut
1092 778 1150 816 ut
1176 763 1302 817 artis
1319 762 1437 819 suae
1465 783 1570 820 non
1596 767 1811 840 ignarae
1828 805 1844 834 ,
1885 767 1949 820 ab
1966 768 2249 820 Inventore
2279 782 2463 820 tamen

523 840 681 913 longe
708 838 907 892 diffitae
948 858 1062 893 rem
1103 859 1209 895 non
1234 843 1434 915 optime
1473 842 1681 917 ¹semper
1707 845 2064 917 expresserunt
2090 861 2108 914 5
2151 842 2464 916 praesertim

523 934 691 990 quum
743 930 958 990 propter
996 918 1334 992 Exemplaris
1386 922 1738 996 exiguitatem
1793 921 2060 976 interdum
2112 920 2464 993 Mieroscopio

527 993 785 1049 utendum
824 1008 939 1047 erat
966 1033 980 1046 .
1024 996 1204 1069 Qare
1245 1015 1491 1053 accurata
1532 998 1874 1071 descriptione
1918 1019 2012 1072 pro
2038 1000 2235 1054 viribus
2263 1000 2464 1069 Opera-

528 1090 650 1126 rum
677 1071 811 1125 vitio
837 1070 1199 1127 medebimur.
1244 1074 1478 1129 Fortasse
1505 1073 1736 1129 secundis
1763 1078 1895 1129 curis
1912 1116 1929 1145 ,
1967 1076 2004 1130 fi
2041 1077 2212 1129 otium
2250 1076 2299 1127 8<
2326 1075 2466 1129 vires

530 1147 809 1222 suppetant
834 1189 852 1219 ,
891 1148 1183 1206 Historiam
1216 1151 1514 1225 pleniorem
1541 1171 1719 1207 rerum
1746 1155 1987 1210 omnium
2013 1155 2374 1224 marinarum,
2412 1153 2466 1207 8<

528 1227 856 1297 terrestrium
891 1228 1110 1285 Littoris
1135 1230 1187 1285 8<
1211 1231 1350 1305 Agri
1370 1229 1536 1286 ‚nostri
1562 1231 1764 1287 daturi.
