2643 4060
473 223 960 301 AESTUS
1039 219 1753 298 MARITIMI.
1889 248 1983 316 79

129 374 441 442 continent,
468 372 523 427 in
555 370 740 444 quibus
767 367 1032 439 institutae
1059 366 1274 423 fuerunt
1302 366 1744 424 Observationes·
1790 372 1971 447 Qare
1998 375 2084 428 ad·

135 452 365 509 ietstione
406 451 597 506 harum
627 447 1107 515 Observationum,
1150 466 1285 522 quae
1312 463 1589 521 praeterea
1617 446 1766 522 saepe
1809 451 1926 503 sunt
1967 468 2084 504 con-

135 535 362 600 formeS,
389 530 620 584 multum
646 525 968 583 excresceret
992 526 1259 582 Volumen
1276 567 1291 595 ,
1334 527 1669 600 multumque
1696 528 1896 599 negotii
1933 529 1983 581 8<
2008 528 2083 584 fa-

133 608 273 664 stidii
316 608 609 683 legentibus
649 606 917 663 facesseret
942 644 959 674 ,
1001 606 1186 678 quibus
1227 623 1332 658 non
1374 607 1650 677 Specimen
1679 643 1695 673 ‚
1733 602 1819 658 sed
1863 622 2083 679 magnus

125 684 354 761 quidam
380 687 541 742 Liber
564 683 946 759 pervolvendus
975 684 1271 739 videretur.
1316 684 1487 736 Satius
1526 683 1692 756 igitur
1731 681 1860 737 duxi
1902 702 1988 739 eas
2028 703 2082 738 0-

135 765 354 819 mittere
383 805 398 819 .
442 764 707 838 Equidem
735 762 836 817 scio
880 761 1218 816 Astronomos
1260 758 1672 816 Observationes
1699 758 1811 814 suas
1851 764 2084 817 minutas

132 842 286 912 sane,
325 843 373 895 8<
403 843 669 897 interdum
711 843 1030 913 interruptas
1057 841 1243 907 edere,
1284 858 1419 913 quae
1462 840 1526 895 ab
1558 840 1927 896 Astronomiae
1955 841 2084 895 Cul-

130 921 330 976 toribus
359 921 512 976 avide
538 960 556 988 ,
597 920 802 976 nedum
834 920 1088 974 benevole
1117 920 1456 992 excipiuntur
1480 958 1497 986 ,
1540 937 1674 991 quae
1716 919 1831 973 aliis
1870 918 2082 974 fortasse

120 1017 211 1054 res
241 998 454 1071 putidae
488 999 768 1054 videantur
795 1039 811 1067 ,
852 999 990 1070 cujus
1018 1000 1092 1053 rei
1125 999 1373 1070 exemplo
1396 996 1498 1051 effe
1526 997 1730 1070 possunt
1772 996 2082 1069 posthumae

130 1074 397 1131 Francisci
425 1077 700 1132 Blanchini
731 1078 983 1131 Praelulis
1014 1074 1311 1131 Doc'tiffimi
1339 1076 1587 1129 &Amici
1613 1073 1803 1140 nostri,
1833 1073 2083 1129 Astrono-

129 1156 299 1208 micae
331 1154 742 1210 Observationes
769 1196 785 1224 ,
826 1158 968 1208 inter
993 1174 1121 1226 quas
1163 1153 1535 1209 benevolentia
1562 1152 1696 1205 tanti
1726 1150 1843 1203 Viri
1885 1169 2082 1206 nomen

120 1231 359 1285 nostrum
386 1232 622 1309 splendet
663 1230 763 1304 (a)
797 1250 806 1282 :
851 1233 904 1285 &
946 1230 1358 1285 Observationes
1398 1231 1537 1282 circa
1580 1227 1943 1282 Meridianam
1985 1232 2081 1283 Bo-

128 1308 435 1364 noniensem
479 1328 510 1360 a
535 1309 948 1362 Praeclariffimo
978 1307 1282 1361 Mansredio
1311 1323 1479 1379 nuper
1504 1305 1709 1374 editae,
1737 1323 1870 1379 quae
1896 1324 2081 1360 ornnes

121 1387 360 1439 minutae
403 1383 689 1438 admodum
729 1383 845 1437 sunt
886 1385 937 1435 8<
979 1384 1307 1457 interruptae
1336 1423 1350 1437 .
1395 1386 1468 1436 Et
1510 1381 1629 1436 sane
1671 1383 1785 1456 plus
1828 1383 2079 1439 utilitatis

119 1463 423 1517 Hominum
452 1463 635 1534 generi
677 1462 867 1515 afferre
907 1460 1110 1533 possunt
1152 1464 1391 1516 marinae
1433 1459 1924 1533 quomodocumque
1968 1462 2079 1516 Ob*

122 1539 478 1608 servatione3‚
520 1557 682 1611 quam
711 1538 1151 1592 Astronomorum
1179 1541 1417 1592 minutae
1447 1540 1570 1593 illae
1601 1537 1905 1593 Satellitum
1932 1541 2077 1612 Jovis

123 1618 482 1691 apparitiones
507 1617 1016 1688 occultationesque,
1045 1617 1426 1689 Tranfitusque
1468 1613 1682 1685 alicujus
1712 1616 1959 1672 Planetae
1986 1615 2078 1670 sub

122 1698 333 1765 Solem,
373 1694 582 1750 aliudve
611 1694 789 1762 Sidus,
828 1696 878 1748 8<
906 1695 1011 1749 alia
1052 1694 1104 1748 id
1133 1713 1294 1768 genus
1318 1735 1332 1747 .
1373 1696 1474 1748 Per
1504 1694 1735 1747 marinas
1775 1694 1916 1748 enim
1963 1696 2078 1748 No-

115 1776 348 1830 tationes
389 1773 574 1827 Classis
612 1770 912 1829 Praefectus
938 1812 954 1841 ,
995 1774 1046 1826 8<
1086 1774 1335 1827 Navium
1376 1772 1715 1825 Gubernator
1755 1772 2077 1845 quicumque

120 1853 261 1909 nosse
289 1867 539 1925 poterunt
583 1870 686 1923 quo
718 1867 959 1924 tempore
988 1852 1310 1923 compellant
1350 1865 1466 1904 tuto
1494 1851 1702 1904 Naveis
1729 1848 1839 1906 suas
1872 1851 1927 1903 in
1957 1852 2076 1905 Por·-

118 1946 268 1998 tum,
309 1949 375 1983 ne
407 1928 636 1983 secundis
665 1929 850 1984 Ventis
881 1929 1095 1998 quidem
1113 1968 1130 1997 ,
1157 1928 1243 1985 sed
1270 1927 1489 1982 adverso
1517 1929 1688 1980 Maris
1715 1927 1878 1981 Aestu
1906 1928 1962 1980 in
1988 1928 2076 1982 fic-

117 2026 178 2062 co
203 2008 462 2061 haereant
490 2008 677 2059 Naves
706 2006 756 2056 8<
777 2003 1091 2076 frangantur
1119 2017 1409 2076 antequam
1436 2018 1682 2075 optatum
1707 2005 1926 2057 Portum
1943 2044 1959 2073 ‚
1985 2005 2073 2060 vel

119 2084 319 2139 Insulas
345 2083 586 2155 capiant.
621 2085 765 2137 Item
791 2079 1005 2135 noscere
1034 2096 1285 2154 poterunt
1309 2099 1412 2152 quo
1441 2095 1682 2153 tempore
1711 2083 1900 2136 Naves
1928 2101 1958 2136 a
1986 2102 2074 2138 va-

111 2161 192 2218 djs
219 2162 317 2215 sint
346 2159 679 2215 abducendae
696 2200 711 2228 ,
738 2179 802 2215 ne
829 2161 1102 2215 minuente
1118 2157 1282 2213 Aestu
1307 2158 1380 2211 ibi
1396 2155 1718 2212 affli&entur
1743 2159 1793 2212 8<
1819 2175 2070 2232 pereant,

113 2257 174 2294 ut
202 2240 493 2293 innumeris
532 2239 756 2312 contigit
795 2255 954 2293 antea
995 2238 1045 2290 8<
1086 2237 1360 2310 continget
1400 2233 1602 2304 rursuS,
1643 2238 1698 2290 ni
1739 2236 1805 2292 ad
1847 2238 2072 2293 Aestum.

112 2320 386 2372 marinum
415 2316 699 2390 diligenter
725 2316 1058 2371 attendatur.
1101 2315 1188 2368 Ad
1216 2313 1387 2387 ipsum
1415 2330 1556 2368 certe
1585 2313 1871 2388 diligenter
1899 2332 2070 2372 atten-

111 2395 269 2451 debat
312 2397 377 2449 C.
404 2396 568 2467 Julius
597 2393 795 2449 Caesar
836 2397 1137 2467 Imperator
1160 2433 1177 2463 ‚
1217 2393 1308 2466 qui
1350 2394 1407 2445 in
1438 2392 1776 2465 expeditione
1806 2395 2072 2448 Britanni-

111 2492 172 2529 ca
201 2472 358 2526 solvit
400 2474 451 2525 8<
478 2488 701 2527 ventum
740 2473 792 2525 ὃς
818 2472 1041 2526 Aestum
1071 2491 1174 2526 uno
1202 2486 1441 2543 tempore
1471 2468 1651 2524 naffitus
1680 2469 1963 2526 secundum
1991 2470 2067 2544 (b)

108 2567 168 2604 ut
196 2549 302 2622 ipse
335 2551 569 2622 loquitur
595 2547 695 2624 (c),
723 2551 1075 2624 cognovitque
1099 2553 1307 2604 Lunam
1335 2549 1550 2621 plenam
1578 2550 1873 2603 maritimos
1902 2550 2066 2605 aestus

105 2629 375 2682 maximos
417 2629 472 2680 in
513 2629 728 2684 Oceano
768 2629 971 2684 efficere
1012 2626 1355 2694 consuevisse,
1400 2642 1557 2699 atque
1599 2643 1816 2700 propter
1857 2629 2065 2681 crebras

109 2706 554 2760 commutationes
581 2706 838 2760 Aestuum
865 2725 1083 2780 magnos
1110 2703 1292 2759 fluctus
1322 2704 1432 2758 fieri
1460 2744 1474 2758 .
1515 2706 1763 2778 Denique
1787 2724 1981 2778 magno
2008 2706 2066 2758 il-

108 2785 148 2839 li
177 2784 499 2856 Imperatori
527 2785 768 2857 ignotum
795 2803 897 2837 non
928 2800 1041 2838 erat
1068 2780 1409 2856 Aequinoffii
1437 2798 1676 2855 tempore
1720 2781 1816 2855 (d)
1850 2800 2066 2857 propter

111 2861 337 2933 majores
369 2861 557 2915 Aestus
597 2863 818 2916 infirmis
859 2862 1107 2918 Navibus
1145 2862 1548 2933 navigationem
1591 2859 1914 2915 subeundam
1959 2880 2065 2915 non

115 2940 247 3008 effe,
288 2939 408 2993 ideo
449 2955 572 2994 ante
601 2941 700 2994 hoc
727 2956 934 3012 tempus
976 2959 1042 2995 ex
1069 2954 1224 3013 portu
1254 2936 1411 2992 solvit
1452 2938 1501 2989 8<
1529 2940 1710 2991 naveis
1741 2940 1945 2992 omneis
1989 2940 2065 2992 in-

114 3018 367 3072 columeis
409 3019 464 3070 in
506 3018 740 3071 Galliam
781 3018 1030 3090 perduxit
1058 3057 1071 3070 .
1115 3021 1255 3071 Item
1300 3035 1396 3088 per
1422 3018 1662 3069 Marinas
1692 3018 2017 3070 Notationes
2045 3055 2064 3085 ‚

114 3095 254 3167 quod
284 3115 364 3151 res
385 3094 582 3151 nostras
607 3096 820 3170 propius
848 3097 1096 3170 attingit,
1137 3092 1335 3149 Vefflor
1363 3095 1414 3148 δε
1441 3094 1571 3148 alius
1593 3096 1909 3169 quicumque
1927 3096 2062 3149 Ter-

1919 3190 1980 3227 ra

272 3311 478 3353 Blanchin.
504 3313 870 3366 Obftrv.Aslronom.
900 3313 950 3356 69·
969 3312 1172 3366 Geograpb.
1205 3312 1354 3351 Veron.
1371 3323 1481 3363 1737.
1508 3323 1547 3362 p.
1562 3322 1652 3364 237.

314 3367 386 3414 aefi
402 3369 546 3405 Comm.
575 3369 622 3405 de
641 3367 862 3407 Bel!.Gall.
890 3367 965 3418 104.
993 3380 1031 3419 p.
1043 3380 1106 3417 97.
1161 3366 1238 3416 (C)
1266 3362 1366 3403 Ibid.
1388 3374 1430 3417 p.
1447 3376 1530 3404 1000

167 3312 244 3362 (a)

166 3364 249 3412 (b)
279 3367 311 3401 C

166 3416 247 3467 (d)
277 3418 373 3469 Pazg.
392 3430 475 3469 104.
506 3419 555 3460 <9⁴
583 3418 668 3458 Lib·
688 3420 740 3460 V·
