2643 4060
654 286 737 370 34
1052 273 2038 353 DECONCHIS

554 439 853 492 carcerem,
894 422 1232 478 commodum
1258 436 1470 493 tamen,
1504 425 1599 481 fibi
1624 441 1776 500 paret
1799 466 1812 482 .
1857 429 1921 480 In
1949 444 2218 481 marmore
2247 429 2391 483 enim
2416 431 2506 486 dii-¹

556 502 752 555 riffimo
782 501 1050 554 interdum
1085 501 1302 556 latitant
1328 502 1584 559 Pholades
1613 545 1630 575 ,
1670 524 1736 561 ne
1763 504 1889 559 dum
1930 507 1985 559 in
2025 505 2284 579 lapidibus
2324 524 2499 562 arena-

555 579 648 631 riis
677 594 694 645 3
741 578 878 650 quod
904 580 1102 633 mirum
1131 579 1252 635 sane
1281 579 1355 636 est
1379 620 1398 651 ,
1438 600 1603 657 quum
1629 584 1723 638 nisi
1753 583 1940 639 validis
1964 583 2374 658 Lapidariorum
2401 585 2500 641 fer-

555 657 812 711 ramentis
853 675 958 711 non
983 658 1312 714 avellantur.
2482 690 2483 693 ¹

625 978 1167 1085 PARS
1307 981 2433 1094 SECVNDA*

898 1188 1420 1259 CAPVT
1511 1190 2138 1279 PRJMVM

552 1332 851 1389 CANCER
879 1336 1188 1393 LATIPES
1241 1350 1516 1392 PARVVS
1564 1352 1948 1393 OBLONGVS
1996 1345 2505 1395 VARIEGATVSJ

2097 838 2505 879 ww

551 1516 597 1569 Ι.
861 1514 1103 1589 chsque
1131 1515 1195 1572 de
1223 1519 1547 1591 Corporibus
1574 1521 1793 1573 marinis
1821 1520 1959 1573 duris
1999 1519 2216 1592 quidem
2253 1522 2303 1573 8<
2331 1521 2502 1574 minus

632 1517 849 1704 H
899 1594 1036 1647 notis
1063 1595 1265 1667 egimus
1296 1616 1429 1671 quae
1447 1598 1635 1652 Graeci
1660 1597 1727 1651 ad
1745 1597 2207 1652 Ostracodermata
2235 1598 2500 1667 referunt,

896 1689 1035 1725 nunc
1065 1691 1191 1726 vero
1219 1673 1282 1729 de
1308 1676 1371 1728 iis
1396 1676 1662 1748 agendum
1706 1695 1839 1749 quae
1866 1674 2029 1730 Testa
2067 1675 2281 1747 quidem
2324 1674 2498 1747 aliqua

550 1749 861 1823 operiuntur
885 1788 902 1817 ,
940 1749 1031 1803 vel
1060 1749 1296 1805 constant
1322 1790 1339 1821 ,
1376 1751 1465 1808 sed
1507 1755 1679 1808 minus
1704 1755 1833 1808 dura
1862 1771 1878 1822 3
1919 1756 2070 1807 Haec
2100 1753 2258 1825 vulgo
2287 1753 2498 1806 Crusta-

550 1847 675 1895 cea,
701 1827 788 1882 vel
808 1825 1055 1881 Crustata
1082 1828 1354 1900 appellant
1376 1869 1393 1899 ,
1434 1831 1574 1904 cujus
1601 1834 1805 1905 generis
1834 1830 2156 1905 potissimum
2183 1829 2333 1901 sunt,
2358 1833 2498 1884 Can-

547 1907 661 1973 cri,
702 1904 910 1972 Astaci,
950 1904 1240 1975 Locustae,
1281 1907 1544 1981 Squillae,
1586 1911 1781 1966 Stellae
1811 1911 2079 1976 marinae,
2120 1909 2168 1960 8<
2198 1908 2301 1963 alia
2329 1907 2497 1974 hujus-

549 1982 725 2038 modi.
768 1982 853 2036 De
881 2000 1073 2054 genere
1105 1985 1251 2035 omni
1275 1985 1470 2040 horum
1510 1988 1659 2039 nobis
1684 2006 1842 2058 agere
1885 2004 1990 2039 non
2019 1985 2090 2040 est
2117 1985 2320 2038 animus
2347 2001 2365 2054 3
2409 1983 2495 2038 scd

556 2075 773 2115 tantum
815 2074 872 2113 ut
898 2058 1001 2112 fert
1043 2057 1283 2131 praesens
1311 2059 1616 2115 Institutum
1643 2061 1905 2136 quaedam
1945 2063 2272 2135 attingemus
2300 2101 2317 2131 ,
2358 2081 2493 2134 quae

545 2137 720 2191 minus
747 2151 875 2190 nota
900 2135 1016 2190 sunt
1042 2175 1059 2204 ,
1095 2137 1150 2190 8<
1189 2137 1245 2190 in
1271 2137 1443 2191 Libris
1472 2139 1657 2212 paffim
1697 2159 1803 2195 non
1844 2137 2099 2213 descripta
2126 2180 2139 2192 .
2184 2139 2493 2211 Cujusmodi

547 2212 620 2269 est
650 2216 861 2268 Cancer
886 2213 973 2268 hic
993 2214 1210 2286 Latipes
1251 2234 1412 2288 quem
1439 2218 1611 2290 primo
1638 2218 1753 2273 loco
1782 2217 2126 2287 exhibemuS,
2166 2218 2369 2272 &Tab.
2389 2221 2490 2271 ΙΙΙ.

545 2292 711 2366 figura
738 2293 860 2347 VII.
905 2290 994 2344 sub
1031 2291 1224 2346 litteris
1251 2295 1292 2347 B
1321 2294 1370 2346 8<
1397 2297 1447 2349 C
1487 2293 1609 2349 satis
1637 2313 1758 2370 apte
1800 2295 1900 2348 fuit
1930 2295 2190 2367 expositus
2217 2335 2230 2349 .
2275 2295 2490 2350 Konde-

545 2369 698 2423 letius
724 2368 837 2442 post
863 2367 1205 2424 Aristotelem
1247 2372 1446 2443 primus
1471 2371 1732 2447 descripsit
1772 2374 2045 2427 Cancrum
2071 2371 2392 2446 Latipedem
2422 2372 2488 2427 fic

542 2443 747 2499 dictum
789 2465 819 2500 a
845 2446 1041 2500 duabus
1067 2446 1252 2502 Chelis
1293 2467 1422 2521 quas
1449 2450 1582 2505 latas
1608 2451 1769 2505 habet
1811 2451 1865 2503 in
1894 2452 2268 2518 extremitate,
2312 2465 2370 2505 ut
2412 2451 2487 2505 vi-

543 2522 667 2578 dere
697 2522 769 2578 est
810 2522 946 2596 apud
973 2523 1219 2579 eumdem
1245 2523 1348 2597 (a)
1371 2564 1387 2593 ,
1428 2528 1478 2579 8<
1503 2528 1557 2580 in
1585 2529 1797 2582 Tabula
1823 2525 1992 2580 nostra
2019 2525 2108 2580 sub
2138 2527 2330 2581 litteris
2357 2528 2483 2581 AA.

543 2600 798 2675 Ignobilis
824 2601 1040 2674 quidem
1067 2600 1139 2657 est
1167 2602 1487 2658 Rondeletio
1513 2607 1726 2678 Latipes
1745 2608 1984 2674 Cancer,
2015 2603 2153 2677 quod
2182 2604 2319 2678 apud
2346 2602 2488 2659 Mas-

540 2678 766 2734 silienses
806 2677 916 2733 suos
957 2679 1402 2753 frequentissimus
1429 2682 1523 2751 fit,
1560 2684 1615 2736 8(
1643 2702 1832 2756 parvus
1858 2722 1873 2752 ,
1916 2699 1974 2736 ut
2002 2684 2172 2736 Nucis
2212 2682 2484 2757 Juglandis

538 2757 966 2831 magnitudinem
993 2776 1111 2813 raro
1137 2756 1343 2831 superet
1369 2799 1382 2812 .
1424 2760 1599 2815 Nobis
1625 2764 1838 2815 Cancer
1863 2760 1954 2817 iste
1981 2763 2195 2835 Latipes
2237 2780 2342 2815 non
2370 2777 2482 2816 tam

537 2835 780 2908 ignobilis
807 2835 1047 2904 videtur,
1088 2851 1204 2889 tum
1231 2837 1355 2909 quia
1380 2856 1485 2892 non
1512 2853 1624 2893 tam
1653 2839 1928 2913 frequenS,
1956 2856 2071 2893 tum
2100 2838 2239 2912 quod
2265 2839 2483 2912 pulchre

539 2913 603 2967 fit
633 2914 962 2986 variegatus,
991 2929 1047 2968 ut
1074 2931 1401 2970 marmoreus
1428 2916 1695 2974 videatur.
1742 2921 2021 2974 Praeterea
2047 2936 2152 2971 non
2179 2916 2337 2970 instar
2362 2918 2480 2970 Nu-

538 2991 610 3044 cis
635 2991 906 3067 Juglandis
932 2990 1169 3066 globosus
1198 2991 1270 3047 est
1309 3009 1367 3048 ut
1394 2994 1483 3049 ille
1514 2995 1848 3065 Rondeletii,
1889 2994 1972 3051 sed
2000 2995 2395 3068 complanatus,
2429 2995 2479 3048 8<

540 3072 782 3140 quamvis
811 3069 958 3124 nobis
984 3088 1176 3142 parvus
1203 3071 1436 3142 dicatur,
1476 3072 1529 3127 id
1563 3090 1866 3148 comparate
1896 3071 2094 3127 dictum
2125 3071 2197 3126 est
2224 3072 2289 3126 ad
2316 3073 2442 3127 alios
2459 3089 2477 3142 3

541 3147 645 3214 ejus
673 3150 818 3202 enim
845 3147 1222 3222 magnitudinis
1250 3148 1439 3205 saltem
1464 3149 1568 3220 est,
1595 3172 1698 3226 qua
1723 3155 1779 3207 in
1801 3151 2013 3207 Tabula
2042 3151 2300 3205 cernitur.
2337 3154 2479 3223 Qua-

540 3240 597 3274 re
627 3223 790 3294 specie
820 3228 1036 3280 omnino
1063 3226 1326 3283 diversum
1366 3229 1431 3283 ab
1459 3248 1522 3282 eo
1548 3230 1856 3287 Rondeletii
1883 3230 1982 3285 esse
2024 3229 2250 3284 arbitror
2278 3269 2289 3282 .
2335 3229 2476 3285 Rcte

538 3318 573 3359 a
599 3300 944 3358 Piscatoribus
969 3323 1263 3380 numquam
1288 3307 1522 3380 capitur,
1564 3309 1616 3362 8<
1638 3309 1855 3382 proinde
1884 3308 1949 3364 ab
1975 3309 2038 3364 iis
2077 3326 2181 3365 non
2207 3306 2473 3379 rejicitur,

2339 3399 2396 3439 ut

589 3473 668 3526 (a)
696 3475 782 3515 Lib.
795 3490 942 3518 xvnr.
970 3480 1018 3518 de
1038 3479 1235 3530 Piscibus.
1266 3479 1523 3534 Cap-xvim.
1550 3496 1638 3537 pag.
1661 3495 1711 3523 m.
1736 3484 1819 3536 565.
