2643 4060
525 187 980 266 'AEsTUs
1054 185 1712 269 MAR1T1M1.
1888 222 1979 288 77

148 357 250 415 pen
278 340 327 393 8<
355 334 603 408 Abilam,
647 339 735 393 ubi
762 356 896 392 nunc
923 334 995 389 est
1022 337 1216 413 insigne
1244 342 1465 395 Fretum
1494 341 1850 411 Gaditanum,
1877 363 1944 398 ex
1976 365 2078 418 quo

147 419 216 474 ab
247 420 461 472 Oceano
503 418 556 470 in
585 418 764 472 Maria
790 414 958 469 nostra
985 417 1172 488 Aquae
1201 435 1382 472 omnes
1409 420 1634 473 influunt
1660 460 1675 489 ‚
1717 422 1767 473 8<
1793 421 1857 474 ab
1883 422 1998 495 ipsis
2026 425 2083 477 in

147 497 421 552 Oceanum
448 497 704 562 refluunt,
746 509 803 548 ut
830 492 1068 547 omnibus
1095 494 1165 551 est
1191 511 1404 550 notum.
1448 495 1695 570 Josephus
1720 500 1959 553 Montius
1988 503 2082 554 Bo-

143 574 345 628 tanicus
371 573 580 644 insignis
607 612 623 641 ,
664 574 713 626 8<
740 571 1028 626 Historicus
1055 573 1333 627 Naturalis
1360 575 1693 628 Bononiensis
1719 614 1734 644 ,
1775 577 1865 648 qui
1907 576 1969 630 de
1998 577 2080 631 his

141 650 323 703 Rebus
362 667 456 721 pro
483 649 838 704 Woodwardo
879 647 1074 720 scripsit
1104 648 1204 723 (a)
1246 652 1510 705 rationem
1548 652 1710 706 aliam
1750 653 2039 710 adducebat
2064 694 2082 724 ,

145 743 203 781 ut
229 725 475 800 probaret
503 728 837 782 Noachicum
853 727 1253 797 Cataclysmum
1281 728 1579 800 Conchylia
1607 730 1660 784 in
1688 731 1961 785 Montibus
1988 735 2082 786 Bo-

144 803 471 859 nonienfibus
497 805 756 878 reliquisse
783 844 799 874 ‚
841 804 980 877 quod
1007 823 1196 878 nempe
1239 825 1423 860 eorum
1465 808 1634 861 multa
1675 827 1780 861 non
1809 809 2080 864 Hadriati-

144 883 192 937 ci
219 922 236 951 ,
273 881 364 937 vel
393 882 556 939 Inferi
585 883 754 937 Maris
793 882 891 936 sint
920 882 1166 956 indigena
1194 922 1210 952 ‚
1252 898 1309 937 ut
1350 902 1536 939 revera
1579 885 1676 939 esse
1706 885 1958 942 deberent
1986 927 2002 956 ,
2044 887 2081 941 fi

144 960 274 1015 haec
300 961 479 1016 Maria
518 960 648 1015 olim
675 961 950 1015 cacumina
976 961 1065 1014 illa
1109 961 1399 1034 attigissent
1424 1002 1440 1030 ,
1482 961 1567 1017 sed
1608 963 1788 1018 Indica
1829 964 1929 1018 sint
1952 1003 1969 1032 ,
2019 979 2078 1018 ut

144 1038 324 1110 Caput
352 1037 480 1093 illud
509 1037 782 1107 Rosmari‚
824 1038 974 1112 super
1002 1058 1104 1112 quo
1130 1037 1538 1093 Tractationem
1569 1038 1715 1094 suam
1756 1039 1952 1112 scripsit
1982 1041 2081 1093 Vir

142 1114 400 1170 eruditus·
430 1118 632 1172 Verum
648 1120 829 1171 Homo
855 1118 1043 1190 aliquis
1070 1132 1250 1171 acutus
1276 1116 1394 1172 heic
1420 1134 1674 1187 reponere
1701 1116 1864 1188 posset
1880 1134 1896 1185 3
1927 1119 2084 1170 Tunc

148 1195 330 1248 Maria
356 1192 525 1252 nostra
552 1194 759 1268 quando
786 1196 1007 1250 vertices
1033 1194 1148 1248 illos
1175 1194 1456 1247 abluebant
1482 1193 1619 1264 posse
1648 1213 1710 1249 ea
1726 1193 1993 1263 Monstra,
2034 1196 2085 1247 3<

141 1270 325 1325 Indica
351 1271 654 1339 Conchylia
682 1273 853 1338 alere,
894 1290 1030 1342 quae
1058 1289 1195 1324 nunc
1225 1271 1468 1324 Oceanus
1497 1270 1592 1324 alit
1621 1310 1636 1337 ,
1679 1290 1842 1344 quum
1883 1287 2084 1344 tempo-

140 1347 282 1400 ribus
308 1346 410 1400 illis
451 1347 630 1401 Maria
657 1345 826 1402 nostra
867 1362 1084 1419 propter
1110 1347 1548 1419 amplitudinem,
1589 1349 1638 1400 8<
1666 1348 2083 1421 profunditatem

140 1442 259 1478 cum
289 1425 505 1478 Oceano
531 1422 641 1495 ipso
668 1423 830 1477 essent
856 1423 1209 1495 comparanda
1237 1464 1249 1475 .
1296 1428 1476 1499 Qiare
1506 1422 1786 1481 auftoritas
1808 1427 1950 1480 Sacri
1980 1429 2084 1481 Co-

139 1502 267 1555 dicis
309 1519 410 1554 una
438 1519 559 1553 cum
588 1499 857 1555 Consensu
897 1501 1135 1555 omnium
1162 1500 1270 1555 fere
1301 1502 1554 1556 Gentium
1586 1541 1600 1569 ,
1641 1504 1690 1556 8<
1717 1504 1954 1558 Marium
1997 1523 2084 1559 no-

138 1578 360 1634 strorum
390 1581 596 1633 novitas
623 1579 791 1653 magis
820 1597 906 1632 me
933 1594 1151 1634 movent
1179 1594 1236 1632 ut
1263 1577 1436 1632 dicam
1466 1580 1694 1633 marinas
1721 1580 1836 1634 istas
1865 1581 2084 1635 exuvias

139 1654 464 1711 aNoachico
479 1655 822 1727 Cataclysmo
848 1657 986 1710 inter
1001 1656 1157 1711 strata
1176 1657 1449 1710 Montium
1463 1656 1753 1711 nostrorum
1781 1658 1857 1710 uti
1885 1659 1933 1711 8<
1960 1660 2082 1712 alioa

139 1752 259 1787 rum
285 1735 526 1788 omnium
552 1732 697 1788 fuisse
724 1733 899 1788 delata
926 1773 942 1802 ,
983 1734 1121 1807 quod
1149 1753 1252 1807 quo
1278 1731 1431 1806 pafflo
1458 1734 1572 1788 fieri
1597 1736 1871 1806 potuisset,
1896 1736 2083 1790 Wood—

144 1810 405 1879 WarduS,
447 1813 769 1884 Bourguetus
797 1851 813 1879 ‚
854 1813 1097 1866 Montius
1138 1812 1333 1883 aliique
1375 1813 1466 1884 qui
1493 1811 1628 1865 hanc
1653 1813 1983 1884 provinciam
2025 1814 2083 1866 il-

138 1887 458 1941 lustrandam
487 1889 577 1943 fibi
606 1888 928 1957 sumserunt,
955 1887 1072 1943 sunt
1102 1886 1434 1957 consulendi,
1461 1908 1786 1961 quamquam
1815 1907 1912 1961 ego
1938 1891 2080 1961 peni-

139 1981 221 2018 tus
248 1984 350 2018 non
379 1967 630 2037 probem,
671 1981 805 2035 quae
833 1963 895 2016 de
925 1966 1133 2035 gurgite
1160 1965 1252 2015 illo
1278 1964 1453 2033 vast0‚
1494 1963 1582 2019 seu
1611 1965 1671 2021 de
1700 1968 1979 2038 Aquarum
2006 1968 2078 2030 A÷

137 2042 280 2113 bysso
306 2044 364 2096 in
390 2044 593 2099 Centro
622 2043 826 2095 Terrae
854 2039 1027 2094 locato
1056 2039 1297 2095 tradunt.

411 2193 1796 2271 ANACEPHALAEOSIS.

139 2355 557 2545 TAmdem
583 2374 640 2413 ut
661 2357 783 2413 vela
810 2355 1197 2430 quodammodo
1224 2355 1474 2412 sermonis
1489 2358 1644 2412 nostri
1671 2358 2044 2414 contrahamus
2055 2370 2076 2429 ‚'

360 2451 518 2508 atque
546 2452 604 2489 ut
631 2436 840 2503 omnia,
867 2454 998 2508 quae
1027 2436 1081 2488 in
1109 2435 1208 2489 hoc
1236 2432 1519 2508 specimine
1552 2435 1614 2491 de
1642 2436 1781 2492 aestu
1809 2440 2075 2511 reciproco

361 2513 591 2567 diximus
631 2516 688 2567 in
729 2532 892 2566 unum
933 2511 1310 2581 conducamuS,
1351 2532 1418 2568 ex
1446 2511 1595 2567 diffis
1636 2532 1730 2587 per
1770 2513 2076 2571 universum

134 2590 357 2646 Librum
384 2605 498 2644 tum
526 2592 581 2643 in
610 2590 1074 2663 Propofitionibu8‚
1116 2605 1231 2644 tum
1259 2591 1312 2645 in
1341 2591 1560 2645 Scholiis
1587 2592 1891 2650 concludere
1917 2594 2069 2647 licet.

136 2669 372 2722 Fluxum
402 2668 451 2720 8<
478 2670 768 2722 Refluxum
811 2668 875 2722 ad
900 2670 1074 2722 Littus
1101 2667 1330 2721 nostrum
1370 2669 1469 2725 effe
1497 2686 1811 2743 perpetuum
1839 2711 1854 2739 ,
1895 2672 1944 2723 8(
1970 2669 2074 2725 diei

135 2746 390 2800 naturalis
417 2743 583 2818 spatio
611 2761 894 2819 utrumque
923 2746 999 2799 bis
1029 2747 1360 2820 contingere.
1404 2748 1670 2819 Majorem
1698 2764 1880 2803 tamen
1907 2745 2077 2821 ipsum

134 2823 236 2878 effe
279 2824 333 2876 in
375 2824 684 2877 Noviluniis
724 2824 774 2875 8<
816 2824 1119 2879 Pleniluniis
1159 2822 1468 2895 praesertim
1511 2826 1668 2879 tertia
1709 2825 1791 2879 die
1832 2825 1943 2898 post
1983 2825 2077 2881 has

136 2898 548 2970 Conjunfstiones
576 2941 589 2954 .
646 2899 746 2954 Sed
788 2900 955 2957 adhuc
996 2900 1250 2971 majorem
1293 2900 1390 2956 effe
1432 2920 1494 2955 ea
1534 2905 1683 2956 Luna
1723 2921 1862 2957 nova
1901 2902 2078 2975 plena-

139 2997 274 3050 que,
316 2997 449 3052 quae
479 2977 706 3033 Solstitia
733 2979 782 3031 8<
810 2977 1163 3051 Αεεμιίηοόἶίῑῑ
1191 2980 1433 3052 proxime
1462 2976 1723 3052 sequitur,
1762 2979 1917 3052 idque
1945 2978 2073 3034 sem-

137 3075 232 3128 per
274 3058 433 3111 tertia
460 3055 543 3110 die
561 3096 577 3124 ,
619 3075 944 3130 quamquam
971 3055 1075 3129 ipse
1106 3056 1483 3126 Solstitiorum,
1524 3059 1574 3109 &
1600 3055 2075 3130 Aequinossiorum

139 3132 248 3186 dies
288 3135 362 3187 nil
405 3153 498 3207 per
526 3132 575 3190 se
616 3133 849 3191 ostendat
875 3175 888 3188 .
932 3133 1104 3188 Hosce
1135 3138 1301 3188 fluxus
1343 3136 1391 3187 8<
1419 3137 1646 3190 refluxus
1686 3154 1792 3189 non
1831 3152 2071 3190 accurate

141 3208 230 3264 sex
267 3211 408 3264 horis
451 3212 709 3266 contineri
737 3253 753 3282 ,
794 3211 879 3267 sed
908 3211 1116 3285 singulis
1142 3212 1321 3275 diebus
1359 3213 1592 3267 Fluxum
1617 3232 1781 3269 unum
1809 3253 1825 3286 ‚
1865 3213 2074 3286 ejusque

1897 3293 1999 3344 Rc—

193 3380 265 3428 (a)
296 3381 357 3417 De
383 3383 626 3422 Menumemo
646 3382 865 3423 Diluviano
891 3382 1188 3434 Dsffirt.Br,no77.
1217 3379 1309 3422 edit.
1325 3393 1436 3433 1719.
