2643 4060
460 239 943 320 'AESTUS
1030 233 1742 313 MAR1T1M1.
1909 257 1980 326 55

125 392 311 462 enim,
336 389 461 447 dum
487 387 751 456 crescunt,
789 383 975 456 majori
1004 382 1234 456 quadam
1261 382 1547 439 velocitate
1588 384 1639 435 8<
1665 381 1721 437 vi
1762 381 1828 437 ad
1867 384 2080 439 Littora

131 470 399 546 appellere
427 468 706 536 videntur,
738 481 906 538 ⁴quam
931 461 1058 517 dum
1087 462 1339 517 recedunt
1371 479 1387 530 ;
1432 478 1556 514 tunc
1586 462 1754 515 etiam
1781 479 1931 516 mare
1975 462 2082 534 ple-

132 566 354 619 rumque
383 543 632 612 Ηυξὶυειῑ,
675 560 730 598 ut
761 542 898 597 infra
924 539 1154 596 dicemus
1181 559 1200 610 ‚·
1245 543 1308 595 In
1336 541 1572 594 Refluxu
1601 557 1727 594 vero
1757 557 1907 593 mare
1947 537 2084 594 sem-

127 643 225 701 per
252 625 419 698 magis
441 625 685 697 quietum
710 623 759 675 8<
781 620 1130 694 ‚tranquillum
1160 633 1411 692 apparet.
1454 620 1519 671 In
1547 618 1898 694 Qadraturis
1921 617 1977 672 id
2005 634 2081 674 et·

131 706 241 761 iam
269 703 447 776 aliquo
474 699 630 776 pagio
658 700 919 775 contingit
945 739 961 768 ‚
1002 715 1058 752 ut
1086 698 1357 753 Circuitus
1385 713 1513 748 unus
1555 698 1616 749 lit
1655 694 1825 766 major
1865 695 2039 753 altero
2065 735 2084 767 ,

128 780 219 840 sed
258 798 385 836 tunc
422 781 594 854 magis
636 779 703 834 ad
742 780 961 853 vulgare
1005 777 1135 831 illud
1176 775 1264 831 sex
1307 775 1557 829 horarum
1586 772 1820 847 spatium
1854 775 2086 849 quilibet

130 861 332 917 Fluxus
372 860 458 915 vel
486 860 745 913 Refluxus
785 855 1032 913 accedere
1061 854 1273 911 videtur
1298 893 1315 922 ,
1357 872 1425 908 ex
1456 872 1559 926 quo
1599 852 1807 907 fortasse
1848 869 1974 907 nata
2011 851 2084 906 est

125 938 422 994 communis
449 936 541 991 illa
567 937 776 1008 opini0,
802 955 907 1009 qua
936 934 1156 1008 quisque
1184 932 1345 1005 vulgo
1373 932 1463 984 sibi
1493 929 1772 1004 persuadet
1796 933 1959 986 Mare
1990 929 2086 985 sin-

122 1016 264 1095 gulis
291 1016 381 1073 sex
406 1014 548 1073 horis
573 1013 833 1085 crescere,
873 1014 925 1068 8<
950 1012 1161 1087 singulis
1182 1009 1476 1067 decrescere
1494 1048 1508 1063 .

470 1153 1547 1233 *PROPOSJTIO
1667 1151 1745 1220 V.

131 1305 292 1381 Plus
347 1303 652 1375 conferre
705 1304 976 1376 videtur
1029 1301 1108 1372 ad
1147 1301 1497 1372 Diurnum
1539 1295 1761 1370 Maris
1815 1293 2094 1367 Aestum

229 1410 342 1480 Sol
377 1407 650 1511 quando
685 1409 776 1481 est
808 1411 878 1478 in
915 1407 1310 1482 Meridiano
1332 1404 1606 1494 nolim,
1641 1427 1849 1503 quam
1868 1405 2092 1475 Luna.

625 1577 1598 1637 SCVHOLIVM.

287 1717 519 1773 Atentur
545 1717 756 1790 quidem
786 1714 1086 1790 Philosophi
1124 1733 1307 1771 omnes
1346 1717 1556 1767 Lunam
1594 1710 1825 1765 multum
1851 1707 2087 1764 conferre

322 1796 387 1850 ad
428 1798 705 1867 Aquarum
746 1797 1104 1851 elevationem
1130 1832 1148 1861 ,
1186 1792 1398 1866 quando
1426 1791 1499 1845 est
1539 1793 1595 1844 in
1622 1788 1961 1856 Meridiano,
2002 1785 2092 1842 vel

127 1891 293 1947 prope
340 1875 706 1929 Meridianum
749 1875 886 1928 illius
928 1873 1030 1927 loci
1058 1913 1074 1942 ‚
1116 1873 1171 1924 in
1202 1891 1304 1944 quo
1334 1871 1392 1926 fit
1420 1870 1620 1923 Fluxus
1649 1886 1665 1936 3
1709 1870 1912 1921 Verum
1945 1862 2091 1936 apud

128 1968 223 2004 nos
262 1950 340 2004 nil
382 1951 491 2006 fere
532 1955 683 2006 Luna
725 1953 790 2004 ad
817 1953 1324 2003 Diurnumvmotum
1351 1950 1522 2001 Maris
1562 1945 1799 1998 conferre
1828 1943 2086 2010 videtur3

127 2027 230 2083 Sed
255 2029 429 2102 potius
464 2028 550 2084 Sol
578 2028 847 2082 Diurnum
879 2024 1097 2086 Aestum
1124 2024 1263 2096 regit
1293 2040 1308 2091 5
1351 2025 1504 2078 Luna
1545 2040 1674 2078 vero
1713 2019 2045 2075 Menstruum
2072 2057 2087 2072 .

128 2107 296 2180 Saepe
325 2107 471 2161 enim
497 2104 681 2160 sumtis
708 2103 940 2162 interdiu
970 2100 1418 2176 Ephemeridibus
1444 2099 1766 2166 Manfredii,
1806 2098 1861 2150 in
1903 2096 2089 2169 quibus

129 2183 376 2239 transitus
402 2187 582 2238 Lunae
626 2202 722 2256 per
751 2181 1115 2239 Meridianum
1144 2195 1362 2234 notatur
1390 2218 1406 2246 ,
1447 2179 1496 2230 8<
1520 2174 1676 2230 nociu
1706 2177 1854 2229 Luna
1897 2176 1952 2228 in
1980 2171 2089 2246 ipso

129 2262 440 2317 Meridiano
484 2259 717 2333 inspe&a
756 2261 986 2334 >cognovi
1026 2258 1226 2315 <statum
1255 2256 1425 2329 ipsum
1464 2259 1645 2309 Lunae
1688 2255 1742 2308 in
1783 2251 2089 2308 Meridiano

128 2340 206 2394 nil
232 2340 471 2394 conferre
501 2339 567 2392 ad
596 2339 858 2405 majorem
886 2338 1055 2392 Maris
1082 2336 1475 2402 elevationem,
1515 2351 1679 2406 quum
1721 2330 1989 2387 interdum
2021 2331 2090 2382 A-

129 2437 266 2492 quae
296 2418 456 2473 essent
486 2417 801 2475 humiliores
830 2456 846 2485 ,
887 2417 937 2469 8<
966 2417 1019 2468 in
1050 2413 1249 2484 majore
1277 2409 1691 2469 detumescentia
1715 2449 1733 2478 ,
1775 2407 1860 2464 seu
1899 2408 1954 2462 in
1983 2425 2093 2461 ma-

130 2496 229 2569 jori
255 2500 467 2552 refluxu
494 2512 740 2569 tempore
770 2512 949 2548 morae
993 2492 1080 2547 seu
1111 2490 1354 2545 tranfitus
1393 2489 1546 2562 ips1us
1584 2491 1763 2544 Lunae
1804 2505 1898 2561 per
1927 2483 2093 2558 Meri-

131 2573 349 2628 dianum
378 2572 616 2627 nostrum
637 2612 651 2626 .
695 2576 873 2649 Qare
917 2570 1054 2646 apud
1080 2572 1198 2624 Nos
1229 2568 1321 2623 ,Sol
1347 2608 1365 2636 ,
1405 2585 1462 2621 ut
1490 2567 1601 2621 dixi
1628 2606 1644 2636 ,
1683 2581 1887 2621 motum
1929 2564 2092 2619 Diur-

133 2669 264 2706 num
297 2652 468 2706 Maris
509 2669 694 2724 regere
737 2647 990 2718 videtur,
1031 2666 1196 2721 quum
1237 2649 1426 2720 Aquae
1455 2646 1572 2700 heic
1614 2644 1842 2699 interdiu
1881 2640 2090 2713 semper

134 2731 274 2784 circa
308 2729 599 2789 Meridiem
632 2745 906 2795 tumeant,
947 2724 1195 2785 &Nociu
1220 2726 1357 2779 circa
1384 2723 1616 2779 mediam
1634 2717 1901 2786 Noste'm,
1931 2735 2091 2793 quan-

133 2807 200 2862 do
226 2805 424 2863 scilicet
451 2809 537 2862 Sol
566 2807 638 2862 est
664 2808 750 2864 vel
779 2809 833 2861 in
863 2805 1166 2861 Meridiano
1195 2801 1368 2861 ,nostro
1400 2801 1677 2877 apparenti
1708 2840 1725 2868 ‚
1765 2801 1852 2854 vel
1893 2800 1949 2851 in
1974 2813 2091 2869 par-

134 2886 273 2942 tibus
298 2886 405 2958 ejus
433 2886 681 2959 oppositis
707 2927 719 2940 .
764 2884 1000 2939 Fortasse
1043 2883 1129 2937 Sol
1170 2881 1309 2953 regit
1353 2881 1403 2932 8<
1447 2897 1680 2935 annuum
1721 2893 1928 2931 motum
1971 2876 2091 2927 Ma-

134 2966 205 3019 ris
232 3004 250 3035 ‚
291 2963 514 3020 Aestum
544 2963 738 3018 scilicet
767 2963 1023 3035 majorem
1064 2961 1202 3013 circa
1245 2954 1597 3030 Aequinoffla
1620 2995 1641 3024 ‚
1679 2956 1730 3008 8<
1755 2955 1893 3009 circa
1922 2949 2091 3005 Solsti-

138 3044 214 3099 tia
243 3082 261 3111 ‚
298 3061 358 3097 ut
385 3061 569 3101 omnes
598 3044 763 3099 etiarn
794 3042 1031 3096 fatentur
1056 3078 1072 3107 ,
1112 3034 1421 3111 praesertim
1464 3052 1626 3108 quum
1652 3051 1744 3088 nos
1768 3052 1836 3088 ex
1862 3028 2089 3106 Proposi-

145 3122 290 3176 tione
307 3123 498 3177 Tertia
527 3138 859 3195 compertum
887 3119 1174 3173 habeamus
1206 3113 1428 3185 majores
1455 3111 1639 3167 Aestus
1665 3109 1871 3185 semper
1893 3109 1952 3164 in
1973 3107 2084 3162 Lit-

141 3213 252 3258 tore
280 3200 451 3254 nostro
480 3201 787 3274 contingere
816 3217 877 3253 ea
894 3198 1042 3250 Luna
1060 3235 1077 3264 ,
1105 3212 1239 3268 quae
1271 3187 1628 3264 Aequinossia
1653 3186 1944 3244 &Solstitia
1972 3203 2088 3259 pro-

142 3277 288 3408 {ime
317 3276 548 3352 sequitur
577 3319 592 3336 .
637 3280 714 3335 At
741 3275 849 3354 post
873 3274 1103 3332 Solstitia
1144 3269 1525 3329 Aestus'adhuc
1565 3264 1683 3324 sunt
1720 3265 1947 3341 majores
1971 3303 1988 3332 ,
2028 3275 2089 3318 ut

181 3372 373 3409 iximus
394 3393 408 3410 .
