2643 4060
562 216 1063 293 M1st
1177 212 1692 292 NOTIS.
1910 243 1980 311 23

134 373 274 429 lianc
313 366 535 423 Testam
577 366 644 420 fic
685 363 1031 434 describemus
1059 404 1072 418 .
1119 367 1254 422 Nux
1297 366 1514 422 Marina
1542 365 1705 421 Testa
1732 367 2090 440 patentiffima

138 468 323 526 parum
366 445 498 501 inse
542 445 822 499 convoluta
864 445 1110 516 Vnguem
1138 446 1430 501 humanam
1461 445 1693 502 referens
1720 486 1736 515 ,
1777 445 1916 518 cujus
1958 449 2088 503 Ani-

133 530 244 585 mal
271 525 674 598 cartilagineum
704 521 774 577 est
804 523 853 575 8<
885 540 1169 594 magnum3
1217 524 1303 580 seu
1332 525 1542 578 brevius
1574 543 1584 576 :
1628 524 1936 598 Amygdala
1967 528 2090 581 Ma·

130 607 249 661 rina
277 603 690 658 Ariminenlium
719 643 735 670 ,
776 602 822 653 8<
855 603 1024 672 Lepus
1067 602 1151 656 seu
1179 603 1389 657 Hirudo
1406 603 1624 656 Marina
1655 600 1961 674 quibusdam
1984 644 1998 658 .

217 686 320 736 III.
369 683 636 756 Qioniarn
683 681 745 734 de
778 681 1019 734 Nucibus
1047 682 1274 736 Marinis
1316 679 1501 735 incidit
1529 679 1733 749 sermo,
1775 680 2089 737 referremus

134 762 302 817 etiam
331 761 480 828 heie,
523 777 578 812 ut
612 759 762 832 supra
794 759 1087 827 innuimus,
1132 761 1296 814 aliam
1335 779 1404 814 ex
1431 758 1542 827 his,
1583 778 1717 831 quae
1747 758 1869 814 licet
1920 762 1974 815 in
2003 781 2094 815 no-

132 840 234 895 stro
263 841 469 893 Littore
513 857 632 892 raro
674 839 996 910 reperiatur,
1039 838 1093 890 in
1123 841 1328 892 Littore
1357 854 1541 891 tamen
1567 838 1895 907 Ravennae,
1937 841 1987 892 8<
2023 839 2090 894 ad

133 917 284 973 Ostia
316 917 439 971 Padi
463 957 479 986 ,
521 935 576 970 ut
611 936 708 990 ego
735 916 1042 982 observavi,
1070 916 1142 971 est
1169 916 1613 990 frequentissi-ma.
1659 919 1810 970 Haec
1838 919 2089 971 convenit

129 995 350 1070 quidem
395 1015 515 1049 cum
561 997 748 1049 ceteris
793 998 1030 1048 Nucibus
1074 997 1300 1050 Marinis
1343 1035 1358 1063 ,
1411 1014 1539 1067 quas
1580 995 1763 1067 paffim
1790 993 2091 1048 describunt

132 1073 415 1130 Naturalis
461 1073 725 1127 Historiae
771 1075 1086 1146 ScriptoreS,
1130 1075 1214 1126 led
1260 1073 1417 1127 Testa
1463 1075 1661 1125 constat
1688 1071 1972 1125 admodum
2020 1087 2093 1126 te-

132 1153 270 1221 nui,
315 1169 369 1205 ut
413 1152 564 1206 facile
593 1152 897 1224 frangatur.
945 1154 1096 1204 Haec
1129 1151 1289 1204 Testa
1330 1149 1512 1203 multis
1552 1150 1609 1202 in
1635 1149 1762 1203 locis
1804 1148 1878 1204 est
1919 1152 2093 1219 flava,

135 1232 186 1284 &
217 1230 398 1284 multis
442 1230 704 1283 lubalbida
730 1268 745 1294 ,
784 1247 947 1300 quare
992 1229 1357 1299 magnitudine
1402 1228 1449 1279 8<
1494 1228 1667 1282 colore
1699 1268 1715 1296 ,
1756 1230 1926 1302 potius
1953 1228 2090 1302 Juju-

136 1309 262 1362 bam
292 1306 689 1361 semimaturam
720 1307 915 1374 refert,
957 1325 1118 1378 quam
1146 1308 1391 1362 Nucem.
1437 1307 1596 1359 Hanc
1625 1306 1874 1380 Josephus
1902 1310 2093 1362 Zinan-

135 1388 250 1439 nius
278 1404 439 1458 quam
470 1383 844 1458 Sanguisueam
872 1387 1145 1439 Marinam
1176 1386 1431 1455 majorem
1463 1386 1695 1457 appellat
1726 1425 1742 1452 ,
1783 1383 2089 1439 observavit

137 1463 326 1518 itidem
368 1464 631 1536 Favagini
673 1464 884 1516 fortiter
925 1463 1142 1517 haerere
1170 1502 1184 1531 ,
1240 1466 1289 1515 8<
1332 1482 1545 1517 carnem
1588 1463 1779 1517 habere
1821 1464 2090 1537 cartilagi-

136 1559 293 1596 neam
318 1580 334 1609 ‚
376 1541 547 1614 capite
590 1542 640 1594 8<
667 1541 904 1593 cornibus
948 1559 1156 1608 carere,
1200 1538 1284 1595 sed
1311 1559 1366 1595 os
1392 1541 1678 1593 rotundum
1707 1541 1771 1593 ad
1802 1539 2092 1614 sugendum

137 1637 320 1693 gerere
365 1638 484 1672 cum
514 1618 709 1672 duabus
737 1621 831 1672 alis
858 1619 993 1672 circa
1023 1618 1223 1692 ipsum,
1265 1638 1399 1692 quae
1428 1619 1541 1672 loco
1568 1619 1759 1691 pedum
1791 1620 1937 1687 lunt,
1980 1620 2092 1692 qui-

135 1698 230 1750 bus
271 1697 470 1750 animal
500 1698 833 1770 progreditur
859 1737 871 1750 .
918 1696 1242 1751 Observavit
1285 1696 1494 1770 insuper
1534 1698 1764 1751 colorem
1808 1697 1959 1750 illurn
2002 1701 2090 1751 fla-

136 1793 269 1829 vum
310 1792 416 1827 non
458 1774 522 1828 ad
551 1775 768 1830 Testam
798 1773 964 1847 reipsa
1010 1777 1274 1847 pertinere
1302 1815 1317 1843 ,
1359 1774 1444 1829 sed
1473 1796 1539 1829 ex
1570 1775 1800 1848 quadam
1842 1775 2090 1847 pellicula

135 1854 294 1919 oriri,
328 1870 461 1922 quae
491 1852 525 1903 s1
555 1871 620 1904 ex
651 1854 848 1907 recenti
877 1854 1094 1906 animali
1126 1853 1465 1922 detrahatur,
1497 1871 1551 1906 ut
1582 1854 1791 1907 detrahi
1817 1853 1953 1925 posse
1983 1850 2090 1925 ipse

130 1929 428 1996 asseverat,
469 1929 751 1982 Concham
778 1931 956 1983 albam
983 1933 1200 1983 omnino
1228 1950 1532 1985 remanere.

213 2009 345 2059 IIII.
389 2008 453 2059 In
482 2004 655 2060 Insula
684 2008 805 2062 Ilva
846 2009 1110 2079 reperitur
1137 2007 1242 2061 alia
1271 2009 1405 2061 Nux
1430 2009 1676 2075 Mariua,
1719 2027 1851 2080 quae
1881 2007 2091 2061 umbili-

132 2104 196 2139 co
225 2103 355 2138 cavo
387 2082 459 2136 est
486 2083 679 2138 donata
707 2125 723 2153 ‚
765 2084 902 2155 cujus
930 2087 1237 2158 exemplum
1267 2086 1330 2138 ad
1360 2105 1448 2139 me
1479 2087 1616 2139 misit
1648 2088 1743 2138 Vir
1771 2086 2091 2138 Humaniffi-

134 2180 250 2217 mus
291 2161 546 2217 Nicolaus
579 2163 880 2217 Gualterius
922 2165 1115 2235 Magni
1145 2165 1308 2217 Ducis
1338 2165 1585 2218 Etruriae
1630 2164 1868 2218 Medicus
1897 2203 1912 2231 ,
1954 2182 2088 2236 quae

135 2241 202 2296 ab
235 2238 343 2312 ipso
374 2256 493 2310 apte
523 2240 590 2292 fic
617 2240 926 2294 describitur
956 2258 966 2290 :
1014 2243 1148 2294 Nux
1192 2243 1398 2295 marina
1438 2243 1697 2315 oblonga,
1740 2243 2048 2295 umbilicata
2074 2280 2092 2310 ‚

136 2336 231 2371 ore
261 2317 558 2390 angustiore
585 2318 882 2392 inaequali,
927 2316 1225 2374 subcinerea
1252 2319 1470 2373 maculis
1499 2320 1549 2372 3<
1575 2321 1726 2375 lineis
1755 2318 1906 2373 fuscis
1933 2322 2093 2393 nigri-

136 2413 258 2448 cans
299 2414 366 2448 ex
396 2395 512 2448 Ilva
532 2434 544 2448 .

626 2633 1545 2703 CAPVTXV.

132 2779 544 2832 CONCHVLA
598 2792 882 2832 MINIMA
930 2782 1285 2835 LITTORIS
1325 2782 1826 2836 ARIMINENSIS
1881 2795 2089 2836 ALTE-

215 2870 305 2910 RA
357 2869 589 2909 PARTE
627 2870 1065 2927 ALBIserA,
1115 2873 1351 2912 SEMEN
1399 2862 1612 2914 MiLri
1666 2873 2089 2914 PERFECTIS-

220 2948 388 2988 SIME
432 2947 838 2988 REFERENS.

137 3088 451 3313 Qsod
482 3089 672 3144 addam
705 3090 860 3145 titulo
892 3092 1104 3166 ignotae
1134 3090 1280 3162 huju<
1311 3090 1530 3144 miliaris
1548 3089 1738 3145 Testae
1768 3091 1861 3144 vix
1888 3089 2088 3159 habe0‚

373 3167 464 3221 nifi
496 3188 616 3222 eam
645 3167 742 3222 effe
774 3169 1060 3223 admodum
1089 3188 1263 3222 raram
1300 3170 1351 3221 in
1381 3170 1671 3223 sedimento
1708 3168 1908 3236 nostro,
1935 3169 1983 3221 8<
2015 3167 2088 3222 sa-

374 3248 437 3300 tis
466 3262 588 3319 apte
616 3247 998 3318 repraesentari
1043 3265 1157 3301 tum
1203 3249 1254 3299 in
1285 3246 1413 3300 statu
1444 3250 1669 3301 naturali
1701 3288 1716 3315 ,
1759 3265 1872 3301 turn
1903 3248 2086 3319 ampli-

137 3323 348 3378 ficatam
391 3326 444 3378 in
473 3325 685 3378 Tabula
720 3327 791 3379 II.
822 3327 1019 3400 Figura
1050 3328 1144 3380 VI.
1190 3324 1277 3379 sub
1304 3327 1496 3380 litteris
1524 3328 1588 3381 G.
1618 3329 1692 3382 H.
1717 3329 1759 3380 Ι.
1790 3343 2012 3398 quarum
2037 3327 2084 3379 G

1790 3403 2009 3458 ‘sellam
