2643 4060
633 234 727 308 68
1041 227 2057 310 SPECIMEN'

527 403 792 463 ragraret.
821 381 1056 438 Fortasse
1085 398 1190 434 non
1216 378 1457 433 omnibus
1487 380 1541 433 in
1557 380 1679 436 locis
1708 379 1895 436 eodem
1909 377 2063 453 pacsto
2090 376 2294 434 cursum
2320 380 2469 436 suum*

530 467 702 521 servat
728 467 884 518 Mare
911 501 925 515 .
969 457 1291 516 Observavit
1321 475 1595 531 praeterea
1617 461 1987 513 Montanarius
2015 456 2263 512 Flumina
2289 461 2470 512 onmia

533 545 703 598 Maris
731 539 1031 596 Hadriatici
1058 534 1399 591 sinistrorsum
1440 539 1495 590 in
1523 536 1691 610 ipsum
1720 537 1769 592 se
1799 537 2126 592 exhonerare
2145 576 2161 605 ,
2202 553 2258 590 ut
2285 554 2474 591 revera

532 618 871 675 sinistrorsum
899 616 947 674 se
978 615 1027 670 se
1060 615 1391 670 exhonerant
1418 615 1665 673 Flumina
1693 616 1892 684 nostra,
1934 614 2243 689 praesertim
2274 615 2473 668 Arimi-

531 699 687 754 nense
730 695 994 752 Maricula
1033 693 1189 747 hodie
1231 691 1476 762 dictum3
1523 694 1677 771 Qiod
1719 694 1976 767 aliquibus
2018 693 2260 749 mirabile
2304 691 2476 747 videri

532 776 697 852 potest
725 814 741 844 ,
780 794 871 829 cur
896 774 1067 847 potius
1104 787 1288 826 contra
1315 770 1521 825 cursum
1547 774 1706 827 maris
1733 771 2124 846 ingrediantur,
2166 772 2317 843 eique
2346 769 2474 823 dum

536 858 765 910 influunt
792 872 897 907 non
929 850 1280 922 obsequantur
1306 891 1319 904 .
1364 850 1462 905 Sed
1488 849 1636 921 hujus
1663 852 1738 907 rei
1765 852 1900 906 ratio
1931 849 2032 918 est,
2061 849 2198 922 quod
2228 865 2469 920 tempore

533 932 728 988 Cursus
756 930 1026 1005 tranquilli
1057 929 1316 984 Fluminis
1358 927 1423 981 ad
1462 928 1741 983 dexteram
1769 932 1950 983 Arena
1982 929 2030 981 8(
2058 931 2303 981 Coenum
2346 925 2478 978 mul-

535 1026 978 1085 tum-“aggeratur
1019 1005 1238 1060 secundo
1269 1007 1438 1059 Maris
1479 1009 1625 1059 fluxu
1666 1006 1739 1059 ibi
1768 1023 2157 1079 comportatum
2188 1046 2200 1059 .
2245 1007 2480 1076 Tempo-

535 1108 594 1144 re
626 1109 752 1144 vero
795 1108 899 1161 quo
938 1086 1186 1139 Flumina
1227 1085 1397 1157 Aquis
1423 1084 1614 1157 pluviis
1655 1099 1866 1138 tument
1908 1086 1957 1137 8(
2000 1083 2272 1139 exundant
2300 1121 2316 1151 ,
2358 1098 2484 1135 tunc

535 1183 755 1241 propter
796 1165 1237 1239 impedimentum
1261 1161 1408 1216 illud
1451 1182 1481 1216 a
1521 1161 1752 1218 dexteris
1793 1162 2060 1236 aggestum
2089 1202 2105 1232 ,
2146 1158 2485 1215 sinistrorsum

535 1245 588 1300 se
616 1260 933 1299 convertunt
961 1283 979 1312 ,
1018 1243 1067 1294 8(
1096 1243 1299 1313 impetu
1327 1238 1469 1294 facito
1498 1242 1704 1294 irruunt
1731 1281 1747 1309 ,
1789 1255 1847 1294 ut
1874 1261 2062 1296 revera
2090 1239 2306 1313 strepitu
2332 1238 2486 1291 irruit

535 1323 737 1392 noster,
779 1325 828 1376 8(
855 1321 980 1377 saxa
1022 1319 1364 1393 glareamque
1393 1319 1621 1372 multam
1663 1318 1727 1372 ad
1768 1319 2024 1371 sinistram
2060 1319 2228 1384 rejicit
2260 1357 2277 1384 ,
2319 1332 2377 1369 ut
2417 1333 2486 1368 ex

539 1402 620 1456 his
646 1400 783 1454 saxis
811 1400 1092 1473 glareaque
1121 1414 1284 1469 agger
1311 1396 1529 1468 quidam
1554 1435 1570 1465 ‚
1611 1398 1661 1447 8(
1702 1397 1743 1448 is
1784 1395 1904 1449 satis
1948 1395 2081 1449 altus
2124 1413 2192 1448 ex
2230 1410 2490 1466 aquarum

538 1479 836 1534 sedimento
867 1478 1130 1531 excitetur
1159 1512 1175 1541 ,
1218 1474 1308 1545 qui
1350 1474 1415 1526 ad
1457 1473 1558 1526 duo
1587 1473 1754 1526 millia
1799 1473 2035 1544 passuum
2076 1473 2287 1525 circiter
2328 1488 2489 1543 prope

543 1561 738 1625 Mare,
779 1554 966 1610 senfim
992 1568 1173 1606 tamen
1201 1551 1540 1620 imminutUS,
1588 1549 1948 1624 protenditur.
1991 1549 2051 1603 Id
2091 1549 2280 1605 accidit
2321 1549 2489 1603 etiam

543 1637 601 1690 in
629 1638 881 1688 Metauro
908 1630 1072 1686 nobili
1100 1630 1349 1703 antiquae
1379 1630 1587 1684 Galliae
1610 1630 1875 1683 Senonum
1903 1628 2181 1696 Flumine,
2209 1642 2266 1680 ut
2294 1625 2493 1680 Glarea

545 1713 653 1786 ejus
685 1711 952 1766 Pisaurum
980 1706 1138 1780 usque
1168 1706 1495 1777 advehatur,
1524 1706 1662 1780 quod
1691 1708 1889 1762 caussae
1920 1706 1993 1761 est
2020 1725 2076 1761 ut
2094 1709 2305 1773 PortuS,
2333 1721 2496 1778 quem

542 1792 750 1864 magnis
779 1788 1033 1843 sumtibus
1062 1786 1217 1841 toties
1248 1787 1338 1840 fibi
1369 1786 1769 1840 construxerunt
1798 1783 2056 1840 Fanenses
2083 1787 2152 1839 cis
2181 1786 2498 1839 Metaurum

547 1868 844 1940 hujusmodi
887 1868 1081 1922 Glarea
1121 1862 1326 1938 semper
1368 1864 1696 1938 compleatur
1721 1905 1737 1934 ‚
1779 1866 1829 1916 8(
1862 1864 2061 1917 inutilis
2086 1863 2148 1917 fit
2175 1903 2190 1932 ‚
2233 1879 2398 1936 quum
2440 1860 2498 1913 in

550 1947 660 2020 ipso
691 1949 942 1999 Metauro
968 1943 1139 1997 fuisset
1166 1943 1560 2009 construendUS,
1589 1959 1646 1995 ut
1675 1942 1816 1996 utilis
1843 1943 1892 1994 8(
1917 1958 2199 2014 perpetuus
2225 1949 2494 1994 maneret.

551 2023 943 2097 Guglielminus
970 2019 1306 2074 Montanarii
1336 2015 1634 2088 Discipulus
1676 2034 2004 2088 quamquam
2045 2037 2166 2070 cum
2192 2017 2302 2090 ipso
2344 2033 2500 2089 agno-

548 2101 655 2156 scat
684 2097 911 2153 Cursum
955 2097 1116 2152 maris
1156 2094 1314 2149 nostri
1355 2093 1491 2166 apud
1522 2111 1612 2146 nos
1654 2092 1986 2148 dextrorsum
2015 2095 2229 2149 tendere
2259 2133 2275 2162 ,
2316 2109 2501 2147 tamen

549 2179 742 2234 oblitus
772 2175 846 2231 est
886 2176 1026 2249 quod
1056 2171 1259 2228 disertis
1286 2173 1464 2227 verbis
1490 2169 1761 2244 scripserat
1789 2173 2160 2227 Montanarius
2201 2171 2265 2227 de
2308 2167 2501 2244 ingres-

554 2257 609 2311 su
638 2256 949 2311 Fluminum
979 2255 1034 2307 in
1063 2270 1210 2307 mare
1239 2250 1470 2306 nostrum
1498 2289 1514 2318 ‚
1555 2249 1606 2302 8(
1646 2264 1828 2303 contra
1858 2252 2244 2323 experientiam
2285 2248 2500 2303 asseruit

557 2335 812 2389 flumina
839 2329 1221 2399 Ferrarienfia‚
1262 2331 1313 2382 &
1340 2328 1547 2382 Galliae
1576 2326 1774 2383 nostrae
1803 2343 2014 2401 togatae
2034 2369 2049 2398 ‚
2090 2327 2175 2383 seu
2203 2326 2504 2395 Aemiliae,

561 2429 620 2467 ut
664 2411 819 2464 hodie
861 2427 1109 2477 vocatur,
1152 2407 1217 2463 ad
1257 2407 1538 2465 dexteram
1578 2407 1633 2459 in
1660 2408 1817 2461 Mare
1856 2408 2073 2461 influere
2118 2403 2218 2479 (a)
2259 2405 2504 2478 deceptus

560 2509 754 2563 nempe
798 2490 999 2542 ratione
1041 2491 1211 2541 fluxus
1253 2487 1411 2541 maris
1437 2485 1574 2538 illius
1600 2483 1806 2552 dextri,
1846 2485 1936 2556 qui
1977 2484 2227 2539 debuerat
2268 2483 2503 2538 dextror-

552 2569 667 2624 sum
695 2567 874 2621 omnia
901 2581 1231 2637 comportare
1262 2604 1275 2617 .
1320 2565 1398 2617 At
1435 2562 1574 2616 nuda
1602 2563 1736 2616 ratio
1778 2563 1831 2614 in
1860 2562 2038 2618 Rebus
2066 2560 2297 2633 Phyficis
2338 2560 2373 2613 si
2416 2579 2505 2614 ex-

556 2647 823 2723 perientia
851 2685 867 2713 ‚
909 2645 959 2697 8(
999 2641 1365 2697 observatione
1408 2660 1513 2694 non
1553 2639 1800 2694 fulciatur
1826 2677 1842 2709 ,
1884 2639 2198 2713 plerumque
2240 2638 2460 2694 vacillat
2489 2677 2502 2691 .

563 2729 760 2780 Fateor
792 2740 972 2777 tamen
1002 2719 1244 2774 mirabile
1272 2719 1445 2775 visum
1471 2717 1569 2774 esse
1613 2719 1662 2770 8(
1688 2718 1803 2771 aliis
1830 2719 1972 2770 Viris
2001 2719 2179 2772 multis
2207 2757 2223 2787 ,
2264 2718 2314 2770 8(
2354 2717 2409 2769 in
2451 2734 2507 2769 re

561 2823 697 2877 quae
743 2802 808 2857 ad
849 2816 1054 2854 motum
1082 2800 1363 2871 Aquarum
1410 2798 1639 2869 pertinet
1680 2796 2014 2865 exercitam,
2058 2796 2308 2850 Flumina
2335 2792 2507 2849 nostra

560 2899 675 2937 tam
710 2879 982 2953 insigniter
1022 2875 1363 2930 sinistrorsum
1403 2877 1458 2928 in
1498 2877 1654 2928 Mare
1696 2875 1952 2943 influere,
1992 2876 2043 2928 8(
2084 2873 2209 2929 saxa
2249 2874 2509 2946 glaream-

561 2979 661 3033 que
691 2960 963 3032 ingentem
994 2956 1057 3009 ad
1090 2972 1299 3010 tantum
1328 2953 1670 3009 intervallum
1700 2954 1754 3006 in
1782 2951 1918 3006 hanc
1944 2967 2153 3026 partem
2187 2964 2368 3004 contra
2386 2951 2508 3003 Ma-

562 3040 630 3091 ris
660 3034 888 3090 Cursum
921 3034 1177 3107 deponere
1205 3073 1217 3085 .
1265 3031 1363 3087 Sed
1397 3035 1553 3085 Mare
1596 3050 1758 3104 prope
1787 3031 1995 3084 Littora
2023 3029 2193 3085 nostra
2225 3028 2510 3082 tumenteis

567 3118 747 3189 Aquas
775 3114 1088 3167 Fluminum
1127 3111 1382 3167 lenissimo
1411 3107 1496 3162 suo
1526 3125 1675 3163 motu
1704 3127 1884 3181 regere
1912 3128 2015 3162 non
2045 3107 2242 3182 potest,
2280 3103 2512 3179 praeser-

562 3194 662 3245 tim
700 3211 826 3247 vero
869 3192 993 3263 quia
1019 3190 1268 3243 Flumina
1296 3185 1469 3241 nostra
1509 3186 1826 3259 rapidissimo
1856 3186 2003 3240 cursu
2045 3205 2113 3240 ex
2153 3184 2409 3259 proximis
2437 3185 2511 3239 A-

562 3269 810 3346 penninis
852 3271 907 3323 in
934 3271 1089 3323 Mare
1118 3265 1430 3325 descendunt
1454 3304 1467 3319 .
1516 3267 1695 3340 Quare
1733 3266 1872 3338 apud
1902 3284 1992 3320 nos
2031 3280 2269 3338 tempore
2296 3280 2514 3336 magna-¹

2309 3359 2434 3398 l‘Um

622 3443 702 3495 sa)
731 3440 956 3484 Gulielmin.
984 3441 1030 3483 de
1049 3440 1220 3488 Flumin-
1241 3444 1381 3485 Natur.
1408 3438 1639 3495 Capvm.
1667 3440 1930 3484 CorolLVIL
1965 3470 1967 3473 .
