2643 4060
467 199 950 276 AESTth
1031 197 1738 277 MARITIMI.
1891 226 1970 295 73

136 348 467 422 undeviginti
495 348 713 401 Saecula
754 346 862 418 jam
904 347 1288 417 praeterierunt
1321 388 1337 416 ‚
1378 348 1427 400 8<
1455 362 1639 401 tamen
1665 347 1816 400 Palus
1845 346 2077 403 Maeotis

134 427 368 481 nondum
397 425 468 480 est
494 425 749 480 exsiccata
778 464 793 492 ,
834 425 1130 495 quinimmo
1158 425 1293 478 Vrbs
1322 427 1522 480 Tanais
1550 424 1613 481 ad
1642 424 1791 479 Ostia
1817 426 2078 480 Fluminis

138 505 235 559 sita
277 502 376 577 (a)
407 544 422 572 ,
463 504 512 555 8<
541 504 805 556 'Ianaitae
847 500 1014 574 ipsam
1045 503 1245 558 Vrbem
1286 504 1336 554 8<
1377 502 1627 557 Paludem
1668 503 1955 558 incolentes
1996 523 2078 557 eo-

138 581 260 636 dem
302 579 565 654 splendorz.
619 584 846 648 vivunt3
892 577 992 651 (b)
1033 581 1326 653 Pontusque
1355 582 1594 634 Euxinus
1635 582 1793 634 Mare
1836 581 2079 654 ampliffi-

132 676 284 712 mum
314 677 373 711 a
365 658 428 709 ³³,71
473 678 479 682 ι
458 659 615 725 wli,
659 676 713 713 ut
744 658 904 730 vulgo
948 657 1100 712 hodie
1146 662 1301 712 Mare
1331 658 1535 744 majus,
1577 658 1627 709 8<
1660 659 1898 729 Nigrum
1929 677 2078 713 voce-

134 752 250 821 tur,
292 755 455 805 quim
486 739 597 787 ill¹.
640 755 693 790 e
736 735 798 789 de
842 736 928 788 lua
959 736 1317 807 profunditate
1360 735 1425 790 ab
1458 736 1518 789 iis
1545 736 1866 808 temporibus
1895 734 2077 792 amile-

134 814 234 866 rit.
281 818 415 888 χιιι·
411 833 458 866 e
501 830 585 884 pat
570 829 642 868 te:
686 831 789 865 non
830 813 1036 885 lcmptr
1077 815 1314 867 Marinas
1356 816 1589 867 Lacunas
1630 814 1679 865 8<
1706 815 1863 867 Mare
1909 812 2079 887 ipsum

133 909 200 944 ex
233 893 320 962 ing
306 890 454 944 icssu
499 894 525 943 ἰ’
545 910 611 943 ιι
614 892 805 944 rinusn
848 891 964 945 cxl
967 892 1138 944 cari.
1182 893 1444 946 Elevatur
1484 890 1698 964 quidem
1741 891 1847 962 ejus
1877 893 2080 946 Alveus

132 986 203 1025 ex
245 967 534 1022 ledimento
579 938 789 1021 Ιτιιιιιιι
781 988 933 1037 ιιιιιι,
975 969 1059 1025 led
1099 988 1262 1042 quum
1307 971 1359 1022 in
1400 969 1642 1023 omnibus
1683 969 1807 1021 locis
1849 967 2081 1040 quadam

132 1047 472 1119 proportione
503 1047 641 1100 idem
679 1043 918 1100 elevetur
945 1087 960 1115 ‚
1002 1048 1120 1102 elev
1109 1063 1279 1101 antur
1320 1048 1369 1099 &
1411 1046 1518 1117 ejus
1549 1048 1738 1118 Aquae
1780 1046 1836 1098 in
1877 1042 2084 1116 luperfi-

133 1126 242 1192 cie,
284 1143 416 1196 quae
444 1145 512 1180 ex
540 1126 797 1196 proximis
826 1126 1068 1180 Maribus
1092 1165 1109 1192 ,
1151 1141 1308 1197 atque
1350 1143 1419 1177 ex
1450 1126 1665 1176 Oceano
1692 1119 1832 1193 ipse,
1873 1121 1959 1175 vel
1986 1140 2081 1194 per

133 1200 384 1270 Aestum,
426 1203 514 1256 vel
542 1221 637 1275 per
664 1202 830 1256 alium
857 1202 1090 1256 Fluxum
1119 1204 1344 1254 influunt
1371 1240 1386 1267 ,
1429 1218 1594 1271 quum
1630 1199 1760 1253 haec
1801 1201 2082 1271 Aquarum

129 1280 425 1350 proprietas
453 1278 515 1330 fit
544 1316 559 1345 ‚
601 1295 659 1331 ut
701 1294 956 1350 perpetuo
998 1279 1064 1334 ad
1101 1278 1365 1331 Libellam
1407 1276 1523 1332 ieie
1552 1293 1869 1350 componant
1901 1317 1913 1330 .
1960 1279 2082 1331 Huc

130 1354 259 1410 adde
302 1357 463 1408 Mare
518 1374 586 1409 ex
628 1355 958 1408 Fluminibus
1000 1356 1334 1429 aliquantum
1375 1357 1553 1429 augeri
1596 1396 1611 1424 ‚
1666 1371 1723 1409 ut
1779 1356 1830 1408 in
1872 1355 2080 1408 Scholio

132 1432 503 1505 Propositionis
544 1433 737 1488 Sextae
778 1432 1206 1502 observavimu3‚
1248 1433 1521 1507 multoque
1565 1433 1733 1506 magis
1776 1434 1953 1505 augeri
1997 1432 2082 1487 de-

129 1510 257 1564 bent
301 1509 539 1563 marinae
581 1512 824 1565 Lacunae
868 1509 1175 1582 praesertim
1220 1511 1421 1565 Hieme
1450 1549 1466 1578 ,
1508 1511 1558 1562 8<
1597 1512 1659 1563 iis
1700 1513 1754 1563 in
1782 1511 1907 1564 locis
1934 1550 1950 1579 ,
1992 1510 2081 1563 ubi

127 1587 363 1640 multum
394 1587 528 1659 pluit
555 1627 571 1655 ‚
616 1589 694 1641 uti
736 1587 904 1660 reipsa
947 1590 1115 1662 magis
1144 1586 1279 1659 pluit
1318 1589 1527 1643 Patavii
1571 1607 1640 1642 ex
1685 1587 2080 1642 Oblervationi·

129 1666 224 1719 bus
265 1666 480 1736 Joannis
509 1664 689 1720 Poleni
729 1666 916 1720 eximii
944 1666 1324 1720 Mathematici
1366 1667 1415 1718 8<
1454 1666 1635 1719 Amici
1661 1664 1822 1718 nostri
1848 1705 1864 1733 ,
1905 1666 1954 1718 8<
1979 1664 2080 1718 for-

127 1741 256 1798 taffe
301 1761 396 1815 per
423 1744 684 1815 reliquam
711 1744 1018 1797 Marchiam
1045 1743 1385 1799 Tarvifinam
1412 1783 1427 1812 ,
1469 1762 1632 1817 quam
1672 1744 1726 1797 in
1764 1742 1944 1797 nostris
1970 1744 2073 1797 Re·

127 1820 372 1895 gionibus
400 1862 413 1875 .
459 1825 638 1896 Qare
681 1822 784 1878 alio
813 1822 1062 1877 Flumina
1090 1822 1183 1876 illa
1212 1837 1291 1876 tot
1321 1822 1493 1894 Aquis
1523 1822 1784 1877 tumentia
1826 1820 2078 1876 deducen-

127 1899 193 1951 do
234 1897 442 1952 fortaffe
470 1903 714 1954 Lacunae
756 1900 1112 1953 incolumitati
1155 1918 1259 1952 non
1301 1915 1514 1955 tantum
1553 1898 1839 1953 consulitur
1863 1937 1880 1966 ,
1920 1915 2083 1971 quan-

127 1990 244 2031 tum
271 1975 307 2028 si
338 1978 392 2028 in
420 1993 540 2029 eam
571 1973 775 2046 ingredi
801 1972 1122 2043 finerentur‚
1155 1976 1233 2026 uti
1261 1992 1445 2028 eorum
1473 1990 1663 2031 natura
1689 1975 1922 2029 ferebat.

204 2055 408 2106 Verum
437 2054 516 2106 his
546 2051 701 2105 missis
731 2050 797 2106 ad
824 2051 954 2104 illud
982 2051 1257 2105 redeamus
1298 2052 1436 2106 unde
1465 2052 1805 2107 divertimus·
1851 2055 2079 2106 Certum

129 2128 204 2184 est
230 2131 392 2202 igitur
418 2150 448 2185 a
476 2129 650 2184 Nobis
676 2130 726 2180 8<
755 2149 785 2184 a
809 2130 1076 2184 Ravenna
1104 2131 1259 2185 Mare
1292 2128 1536 2185 receffiffe
1566 2170 1579 2183 .
1625 2131 1800 2185 Heinc
1827 2147 2081 2202 quaeren-

127 2206 256 2260 dum
297 2206 420 2261 effet
460 2225 527 2260 an
559 2209 716 2260 Mare
760 2205 949 2261 eadem
978 2207 1319 2280 proportione
1361 2206 1481 2260 heic
1521 2223 1779 2281 perpetuo
1822 2207 2034 2261 recedat
2062 2245 2076 2258 .

131 2284 294 2358 Apud
323 2283 517 2338 nostros
549 2300 823 2357 receptum
850 2283 921 2338 est
950 2287 1104 2339 Mare
1146 2284 1354 2357 singulis
1381 2285 1528 2338 annis
1569 2305 1598 2339 a
1625 2285 1938 2339 Continenti
1967 2302 2080 2357 per-

128 2378 287 2435 petuo
329 2362 572 2418 recedere
600 2402 616 2431 ,
658 2364 736 2415 uti
765 2361 973 2416 fortaffe
1000 2362 1128 2415 olim
1158 2361 1437 2417 recedebat
1466 2380 1484 2433 3
1531 2366 1732 2418 Verum
1759 2362 1913 2416 hodie
1940 2362 2077 2415 hanc

127 2441 306 2513 legem
334 2440 426 2493 sibi
459 2439 665 2495 servare
694 2458 797 2494 non
825 2439 1035 2495 videtur
1058 2480 1075 2509 ,
1115 2440 1282 2493 immo
1308 2441 1632 2495 contrarium
1662 2441 1832 2514 potius
1859 2459 1953 2512 per
1978 2440 2078 2494 hoc

129 2518 572 2593 Qinquennium
601 2516 910 2586 observavi3
954 2536 1081 2572 nam
1107 2536 1175 2571 ex
1203 2518 1367 2571 Notis
1395 2517 1529 2588 illis,
1571 2537 1697 2592 quas
1723 2519 1905 2591 Lignis
1933 2534 2078 2573 exte-

133 2596 354 2648 rioribus
381 2596 566 2648 Portus
592 2594 750 2649 nostri
784 2595 933 2649 inusti
958 2635 975 2664 ,
1015 2596 1186 2669 potius
1214 2597 1371 2651 Mare
1403 2596 1501 2650 hoc
1529 2612 1767 2670 tempore
1797 2595 2078 2662 acceffiffe,

129 2689 292 2745 quam
336 2672 581 2727 receffisse
625 2672 815 2745 colligo
853 2690 871 2742 3
928 2672 1375 2746 quemadmodum
1415 2674 1662 2748 colligere
1705 2675 1871 2729 etiam
1913 2672 2078 2745 potest

128 2752 412 2823 quisquam
454 2769 524 2805 ex
566 2750 705 2804 Palis
739 2751 955 2805 confixis
996 2750 1195 2823 septem
1237 2751 1459 2805 abheinc
1503 2754 1649 2805 annis
1690 2754 1744 2805 in
1787 2754 1971 2805 Arena
2013 2750 2079 2804 ad

129 2829 306 2882 Littus
333 2829 505 2881 Maris
545 2846 640 2901 pro
666 2828 1028 2882 fundamentis
1054 2829 1436 2902 Propugnaculi
1478 2829 1743 2901 cujusdam
1772 2868 1787 2897 ,
1827 2828 1965 2901 quod
1995 2828 2079 2881 ad-

134 2905 312 2961 versus
339 2907 541 2960 Piratas
568 2906 748 2960 nostris
776 2907 832 2959 in
859 2908 1037 2960 animo
1065 2921 1179 2959 erat
1206 2905 1532 2975 construere3
1577 2908 1729 2959 Nam
1755 2908 1926 2978 Ligna
1956 2905 2077 2974 illa,

136 3000 194 3038 ut
225 2983 382 3037 nostri
410 3002 592 3038 omnes
617 2999 840 3052 norunt,
864 2983 976 3038 loco
1004 3002 1034 3037 a
1059 2984 1194 3037 mari
1223 2984 1598 3039 convenienter
1624 2983 1835 3037 distanti
1862 2982 2075 3035 fuerunt

136 3063 373 3129 confixa,
402 3077 584 3116 tamen
611 3062 766 3116 hodie
796 3063 962 3115 etiam
989 3062 1042 3114 in
1070 3061 1348 3131 majoribus
1371 3060 1665 3116 Recessibus
1682 3061 1849 3115 Maris
1876 3061 1941 3113 ab
1968 3059 2074 3132 ejus

136 3140 283 3194 undis
311 3140 834 3217 alluuntur.Q1are
864 3138 1020 3192 modo
1046 3139 1288 3192 omnibus
1312 3154 1462 3211 patet
1489 3140 1643 3193 Mare
1672 3137 1771 3191 hoc
1802 3136 2075 3210 septennio

139 3215 204 3271 ad
243 3218 629 3273 Continentem
668 3220 900 3273 Terram
939 3216 1075 3290 apud
1100 3235 1191 3272 nos
1220 3216 1504 3279 accessisse·
1490 3258 1505 3283 ‚
1550 3218 1725 3271 Immo
1752 3216 1939 3271 Turris
1981 3216 2072 3270 ίΗῑ

1470 3296 1523 3346 K
1842 3309 1992 3349 vetus

189 3382 265 3433 (a)
293 3381 427 3431 Azqff,
446 3381 518 3431 fi’u
539 3380 678 3434 Azaph
692 3409 703 3431 2
734 3381 784 3424 &y
801 3379 955 3425 Azach.
1012 3378 1092 3431 (b)
1121 3377 1302 3432 Coslzccsai
1319 3376 1383 3417 cs'el
1401 3379 1507 3420 Dona
