2643 4060
546 251 1674 342 M1stN'oT1s.
1907 288 1971 339 1'1

126 407 272 477 fiant,
313 408 363 460 8(
391 428 420 464 a
446 404 680 481 puncto
665 425 718 460 m
747 403 920 459 medio
946 404 1082 476 ejuS,
1112 406 1249 479 quod
1275 405 1443 461 veluti
1470 423 1711 462 centrum
1740 406 1811 462 est
1831 449 1845 478 ,
1871 411 2076 483 prodire

122 486 410 541 videntur.
455 489 574 539 Hoc
604 480 860 538 Punctum
902 483 1291 556 aliquantulum
1316 484 1510 557 prostat
1541 526 1557 555 ‚
1599 485 1714 540 ideo
1756 489 2071 545 umbilicum

122 565 519 636 prominentem
561 561 748 616 vocavi
779 578 796 630 5
852 578 1178 634 quamquam
1219 565 1377 634 vulgo
1420 565 1486 615 ab
1528 566 1772 619 Naturae
1804 567 2070 623 Historiae

122 640 470 711 Scriptoribus
499 640 749 695 Conchae
778 677 801 724 ³.
837 638 886 689 8(
914 640 1179 696 Cochleae
1224 640 1563 694 umbilicatae
1606 658 1864 696 vocentur
1906 644 2026 700 illae
2055 686 2072 715 ‚

122 732 255 790 quae
284 717 462 789 aliquo
494 716 801 771 foramine
785 734 840 768 in
871 715 1044 770 medio
1072 717 1186 771 sunt
1213 718 1479 770 donatae.
1525 720 1793 772 Ceterum
1830 725 2073 794 quamvis

121 796 477 849 orbiculatum
511 815 577 849 ex
610 795 714 864 ejus
742 793 964 847 rotunda
995 794 1159 868 figura
1187 796 1611 863 nominaverim,
1657 813 1837 852 tamen
1865 800 2071 871 planius

119 874 170 925 8(
196 873 523 945 compressius
555 872 626 925 est
655 913 670 941 ,
713 890 873 945 quam
903 872 1135 945 reliquae
1163 872 1372 946 hujusD
1343 874 1546 927 Generis
1573 874 1763 927 Testae
1792 916 1807 943 ,
1851 879 1900 929 8(
1940 879 2065 932 licet

119 951 403 1004 rotundum
420 950 574 1022 plane
609 965 897 1022 appareat,
921 949 981 1003 id·
1003 952 1183 1005 evenit
1213 916 1372 1022 quodD
1370 952 1681 1025 plerumque
1712 971 1766 1004 os
1785 954 1944 1008 habet
1973 955 2068 1008 dif-

116 1026 374 1096 fractum,
416 1027 867 1100 quemadmodum
894 1027 1022 1081 illud
1050 1027 1122 1082 est
1162 1029 1298 1099 quod
1330 1029 1495 1102 figura
1525 1034 1594 1082 II.
1630 1031 1769 1084 Tab.
1791 1034 1832 1083 Ι.
1877 1031 2068 1085 litteris

119 1108 168 1158 E
197 1107 246 1158 8(
276 1108 319 1158 F
351 1106 416 1158 ab
446 1105 754 1158 Artificibus
787 1124 905 1159 aere
932 1105 1032 1159 fuit
1059 1106 1358 1179 expressum
1388 1146 1400 1158 .
1445 1110 1706 1160 Ceterum
1743 1122 1820 1160 OS
1853 1107 1906 1160 in
1935 1109 2068 1162 inte-

118 1183 225 1255 gris
266 1184 314 1235 &
344 1202 448 1236 non
477 1182 719 1254 disruptis
749 1199 994 1255 apertum
1024 1182 1095 1237 est
1136 1199 1192 1236 ut
1221 1185 1280 1235 in·
1306 1183 1472 1255 figura
1503 1186 1603 1236 ΙΙΙ.
1634 1184 1682 1235 8(
1715 1186 1811 1237 IV.
1855 1186 2070 1240 alterius

118 1260 308 1315 Testae
335 1263 390 1315 in
418 1260 605 1314 eadem
639 1260 849 1313 Tabula
881 1259 1060 1314 videre
1091 1261 1217 1313 licet
1247 1278 1258 1310 :
1306 1260 1479 1314 Moles
1507 1261 1759 1332 Corporis
1801 1261 1874 1316 est
1914 1265 2067 1318 mini-

119 1352 213 1392 ma'
236 1377 253 1407 ,
296 1354 351 1391 ut
379 1336 737 1411 praecedentis
763 1376 779 1405 ,
823 1334 908 1391 sed
937 1338 1205 1391 interdum
1234 1336 1392 1410 duplo
1420 1378 1436 1408 ,
1476 1339 1564 1392 vel
1591 1340 1751 1411 triplo
1781 1339 1948 1413 major
1988 1359 2075 1396 re-·

116 1429 345 1489 peritur'.
740 1485 742 1490 Ι
1184 1485 1187 1489 ,

193 1496 269 1547 ΙΙ.
303 1491 604 1565 Vestigium
628 1490 834 1546 nullum
864 1494 1135 1547 invenitur
1161 1493 1309 1563 hujus
1335 1492 1676 1567 pulcherrimi
1693 1497 1875 1548 Cornu
1892 1490 2064 1550 Ham·-

118 1573 288 1624 monis
315 1570 488 1627 foffilis
530 1571 585 1622 in
613 1587 772 1624 arena
802 1570 894 1625 illa
923 1573 1061 1625 flava
1093 1571 1401 1625 Bononiensi
1433 1609 1448 1637 ,
1491 1570 1554 1623 de
1581 1589 1685 1643 qua
1719 1573 1774 1625 in
1816 1571 2065 1645 superiori

117 1649 313 1722 Capite
331 1688 347 1717 ,
375 1647 825 1721 quemadmodum
857 1667 1028 1721 neque
1060 1649 1228 1702 ullum
1257 1649 1396 1703 aliud
1420 1650 1611 1702 Cornu·
1630 1651 1952 1704 Hammonis
1979 1669 2065 1724 ge-

119 1739 214 1779 nus
255 1743 464 1800 praeter
494 1725 723 1779 nostrum
758 1725 894 1779 illud·
921 1727 1160 1798 primum*
1183 1727 1598 1800 vulgatiffimum
1626 1765 1638 1778 .
1682 1728 1761 1780 At
1800 1730 1854 1781 in
1888 1731 2063 1784 Terra

118 1804 256 1857 illius
298 1804 458 1857 Strati
501 1805 694 1856 montis
737 1803 894 1856 nostri
938 1806 1241 1877 Covignani
1284 1821 1436 1858 tanta·
1458 1803 1531 1858 est
1572 1805 1651 1857 vis
1679 1803 1827 1876 hujus
1868 1806 2060 1860 Testae

115 1881 322 1948 fomis,
365 1897 421 1932 ut
451 1881 766 1952 quingentas
795 1881 1002 1934 circiter
1030 1882 1086 1934 in
1115 1884 1268 1935 unica
1296 1884 1448 1936 uncia
1474 1884 1871 1936 numeraverim
1897 1922 1910 1935 .
1954 1887 2062 1937 Im-

115 1973 204 2011 mo
232 1959 287 2012 in
313 1956 516 2029 reliqua
535 1958 718 2010 Arena
750 1960 888 2010 flava
915 1958 1146 2028 ejusdem
1173 1960 1366 2012 montis
1381 1996 1407 2026 5
1437 1961 1490 2013 in
1521 1975 1624 2030 qua
1649 1960 1869 2015 Cornua
1894 1962 2063 2013 Ham-

115 2036 285 2090 monis
311 2033 495 2088 foffilia
524 2034 900 2107 reperiuntur,
916 2033 1235 2107 plerumque
1248 2035 1395 2107 hujus
1412 2036 1618 2109 generis
1645 2034 1761 2090 sunt
1779 2071 1802 2090 ‚1
1836 2040 1897 2090 In
1926 2040 2062 2091 Ter-¹

113 2130 174 2169 ra
204 2112 442 2187 quadam
475 2127 547 2167 ex'
582 2111 913 2166 Certaldenfi
946 2114 1095 2185 Agro
1136 2114 1191 2166 in
1235 2115 1454 2167 Etruria
1495 2114 1642 2167 vario
1684 2114 2061 2169 Testaceorum

116 2207 308 2265 genere
341 2190 679 2246 refertissima>
700 2229 727 2259 ,—
758 2208 921 2263 quam
949 2190 1013 2244 ad
1043 2209 1129 2244 me
1160 2190 1292 2244 olim
1323 2190 1537 2247 miserat
1565 2193 1747 2244 Petrus
1773 2193 2060 2246 Michelius

116 2269 330 2342 infignis
363 2266 672 2335 Botanicus‘,
713 2269 762 2320 8(
792 2267 1081 2322 Historicus
1107 2270 1398 2322 Naturalis·
1420 2269 1785 2338 Florentinus,
1813 2268 2052 2343 mihique

116 2348 244 2401 dum
272 2347 479 2401 viveret
508 2361 724 2417 propter
756 2344 1039 2399 studiorum
1067 2343 1489 2418 conjunctionem
1521 2347 1853 2400 amicissimus
1867 2380 1890 2415 ,ι
1925 2349 2070 2400 mul--

115 2440 171 2479 t‘a
206 2424 352 2495 hujus
371 2423 719 2495 pulcherrimi
736 2422 985 2477 Testacei'
1005 2424 1254 2495 exempla
1286 2424 1495 2496 integra
1522 2423 1677 2496 plane
1706 2425 1886 2479 omnia
1914 2444 2061 2498 repe-

116 2505 329 2556 riuntur'
355 2498 456 2574 (a)
485 2540 498 2553 .
542 2498 773 2554 Fortasse
805 2503 981 2555 Terra
1008 2500 1139 2555 haec
1168 2500 1527 2555 Certaldenfis
1558 2499 1849 2570 hujusmodi
1879 2504 2062 2557 Testa-

116 2581 218 2634 ceis
249 2579 486 2645 referta,
527 2597 594 2632 ex
621 2576 848 2650 ipsomet
874 2578 967 2632 illo
995 2578 1127 2632 colle
1171 2578 1332 2633 allata
1359 2578 1482 2647 est‘,
1515 2594 1673 2651 atque
1704 2600 1771 2634 ex
1803 2579 1918 2652 ipfis
1960 2597 2062 2635 tor-

115 2657 347 2711 rentibus
375 2695 391 2724 ,
432 2673 571 2728 quae
596 2656 864 2709 Boccatius
905 2656 960 2709 in
992 2659 1116 2709 VII.
1147 2656 1308 2709 Libro
1350 2657 1620 2729 Philocopi
1647 2655 1721 2710 1ui
1750 2669 2013 2712 memorat
2039 2697 2056 2727 ‚

117 2738 311 2809 quique
355 2753 422 2787 ex
459 2733 539 2786 his
567 2733 782 2787 marinis
809 2734 1014 2788 exuviis
1055 2735 1118 2787 in
1139 2750 1317 2788 monte
1348 2735 1444 2788 illo
1466 2736 1729 2807 repertiS,
1770 2737 1820 2788 8(
1861 2738 1915 2789 in
1956 2752 2057 2789 tor·

112 2814 348 2867 rentibus
375 2812 509 2879 illis,
550 2813 657 2866 Cat
662 2808 954 2881 aclysmum
990 2827 1141 2865 acute
1179 2810 1414 2884 agnolcit
1443 2810 1577 2885 (b),
1607 2832 1933 2887 quamquam
1960 2817 2061 2869 Fa-

121 2891 255 2945 bulis
282 2890 462 2944 multis
490 2908 643 2944 more
666 2891 956 2944 Poetarum
992 2907 1108 2945 rem
1135 2907 1354 2943 omnem
1383 2888 1731 2963 permisceat.

1257 2980 1302 3014 ο
1451 2970 1494 3020 Β
1576 2985 1615 3022 z
1847 2973 1896 3023 C
1912 2970 1997 3024 A-‘⁴

147 3097 225 3149 (a)
253 3100 384 3138 Verum
412 3112 456 3137 ex
484 3096 624 3136 lztterzs
650 3110 746 3149 quas
764 3106 878 3149 nuper
901 3097 957 3136 ad
982 3112 1040 3137 me
1068 3097 1250 3137 dederunt
1275 3096 1338 3135 Vir
1366 3095 1515 3145 Clarzff
1506 3110 1599 3135 mus
1627 3094 1812 3134 Nicolaus
1838 3094 2057 3134 Gualterz‘us

304 3153 367 3188 Μ.
380 3153 433 3189 D.
460 3152 616 3188 Etrurt'ae
642 3150 840 3196 Medicus,
870 3149 1099 3199 &solennes
1118 3149 1337 3189 Vincentius
1358 3150 1577 3201 Capponzus
1595 3148 1809 3186 canonicus
1823 3150 1854 3185 F
1858 3149 2063 3186 lorentznus

306 3203 372 3242 Vir
390 3201 669 3251 Nobilzffimus,
699 3202 749 3243 Θ
776 3203 823 3240 de
843 3201 1003 3250 Historia
1027 3205 1181 3241 Namm-
1209 3203 1296 3253 opti
1289 3217 1344 3239 ne
1372 3214 1557 3246 meimztus
1586 3200 1740 3258 cognovi
1767 3202 1920 3237 Τεινιιιιι
1947 3201 2063 3237 tllam

309 3254 493 3292 Mzchelii
520 3269 589 3293 non
611 3254 778 3291 allatam
802 3254 910 3303 suiffe
936 3270 979 3292 ex
998 3255 1180 3293 Certaldo
1206 3253 1362 3302 illustrzs
1381 3256 1476 3291 Bocc
1479 3254 1555 3290 acii
1571 3253 1701 3303 paria
1723 3278 1734 3297 ,
1757 3251 1830 3302 βτί
1850 3268 1894 3289 ex
1912 3252 1989 3289 alio
2009 3253 2062 3289 lo·

305 3320 343 3344 co
373 3306 412 3344 in
434 3310 531 3359 Agro
552 3307 690 3357 Pisano
719 3307 754 3344 S.
776 3306 982 3347 Giovanni
1003 3307 1104 3347 della
1126 3308 1237 3346 Vena
1256 3305 1378 3351 cneio,
1407 3304 1514 3355 cujus
1530 3307 1648 3343 Terrae
1673 3304 1753 3343 Viri
1773 3303 2061 3355 dofflffimispe

307 3357 424 3395 cimen
452 3359 505 3396 acl
525 3373 582 3396 me
609 3370 741 3396 aterum
769 3358 967 3408 mifhrunt.

146 3408 230 3460 (b)
259 3410 348 3449 Boc.
376 3412 416 3448 in
436 3410 627 3464 Philocop.
656 3409 683 3449 l.
705 3424 740 3462 7.
769 3411 889 3451 Nella
916 3410 1110 3496 fruttifera
1138 3409 1252 3451 Italia
1279 3409 1375 3450 ssede
1402 3423 1480 3450 una
1505 3410 1671 3463 picciola
1697 3418 1806 3461 parte
1834 3401 2027 3510 dilachtelllla
2048 3431 2060 3452 ,
