<?xml version="1.0" encoding="UTF-8"?>
<!DOCTYPE html PUBLIC "-//W3C//DTD XHTML 1.0 Transitional//EN"
    "http://www.w3.org/TR/xhtml1/DTD/xhtml1-transitional.dtd">
<html xmlns="http://www.w3.org/1999/xhtml" xml:lang="en" lang="en">
 <head>
  <title>
</title>
<meta http-equiv="Content-Type" content="text/html;charset=utf-8" />
  <meta name='ocr-system' content='tesseract 3.04.00' />
  <meta name='ocr-capabilities' content='ocr_page ocr_carea ocr_par ocr_line ocrx_word'/>
</head>
<body>
  <div class='ocr_page' id='page_1' title='image "./janiplanciarimin39bian_0043.png"; bbox 0 0 2643 4060; ppageno 0'>
   <div class='ocr_carea' id='block_1_1' title="bbox 545 229 1980 322">
    <p class='ocr_par' dir='ltr' id='par_1_1' title="bbox 545 229 1980 322">
     <span class='ocr_line' id='line_1_1' title="bbox 545 229 1980 322; baseline -0.007 -14"><span class='ocrx_word' id='word_1_1' title='bbox 545 229 1044 308; x_wconf 82' lang='lat' dir='ltr'><strong>MINVS</strong></span> <span class='ocrx_word' id='word_1_2' title='bbox 1160 229 1672 307; x_wconf 84' lang='lat' dir='ltr'>NoT1s.</span> <span class='ocrx_word' id='word_1_3' title='bbox 1911 254 1980 322; x_wconf 85' lang='lat'>33</span> 
     </span>
    </p>
   </div>
   <div class='ocr_carea' id='block_1_2' title="bbox 132 374 2095 3463">
    <p class='ocr_par' dir='ltr' id='par_1_2' title="bbox 132 374 2095 2389">
     <span class='ocr_line' id='line_1_2' title="bbox 138 374 2085 451; baseline -0.001 -16"><span class='ocrx_word' id='word_1_4' title='bbox 138 378 268 436; x_wconf 78' lang='lat' dir='ltr'>&#39;teris</span> <span class='ocrx_word' id='word_1_5' title='bbox 295 377 344 432; x_wconf 89' lang='lat' dir='ltr'>C</span> <span class='ocrx_word' id='word_1_6' title='bbox 373 377 422 431; x_wconf 99' lang='grc'>8(</span> <span class='ocrx_word' id='word_1_7' title='bbox 449 378 515 430; x_wconf 92' lang='lat' dir='ltr'>M</span> <span class='ocrx_word' id='word_1_8' title='bbox 556 394 770 433; x_wconf 87' lang='lat' dir='ltr'>cernere</span> <span class='ocrx_word' id='word_1_9' title='bbox 797 375 949 437; x_wconf 82' lang='lat' dir='ltr'>licet.</span> <span class='ocrx_word' id='word_1_10' title='bbox 995 374 1150 429; x_wconf 89' lang='lat' dir='ltr'>Solen</span> <span class='ocrx_word' id='word_1_11' title='bbox 1191 396 1318 431; x_wconf 87' lang='lat' dir='ltr'>vero</span> <span class='ocrx_word' id='word_1_12' title='bbox 1360 380 1484 432; x_wconf 90' lang='lat' dir='ltr'>Mas</span> <span class='ocrx_word' id='word_1_13' title='bbox 1526 397 1684 451; x_wconf 86' lang='lat' dir='ltr'>quem</span> <span class='ocrx_word' id='word_1_14' title='bbox 1723 376 1840 433; x_wconf 88' lang='lat' dir='ltr'>heic</span> <span class='ocrx_word' id='word_1_15' title='bbox 1881 378 2085 434; x_wconf 87' lang='lat' dir='ltr'>recude-</span> 
     </span>
     <span class='ocr_line' id='line_1_3' title="bbox 134 449 2083 535; baseline -0.001 -24"><span class='ocrx_word' id='word_1_16' title='bbox 134 476 192 511; x_wconf 87' lang='lat' dir='ltr'>re</span> <span class='ocrx_word' id='word_1_17' title='bbox 234 456 532 510; x_wconf 79' lang='lat' dir='ltr'><strong>curavimus</strong></span> <span class='ocrx_word' id='word_1_18' title='bbox 576 456 776 527; x_wconf 81' lang='lat' dir='ltr'>Figura</span> <span class='ocrx_word' id='word_1_19' title='bbox 803 454 897 504; x_wconf 90' lang='lat' dir='ltr'>VI.</span> <span class='ocrx_word' id='word_1_20' title='bbox 942 449 1031 506; x_wconf 87' lang='lat' dir='ltr'>sub</span> <span class='ocrx_word' id='word_1_21' title='bbox 1073 455 1253 509; x_wconf 87' lang='lat' dir='ltr'>littera</span> <span class='ocrx_word' id='word_1_22' title='bbox 1282 458 1329 509; x_wconf 92' lang='lat' dir='ltr'>G</span> <span class='ocrx_word' id='word_1_23' title='bbox 1374 456 1561 510; x_wconf 90' lang='lat' dir='ltr'>eadem</span> <span class='ocrx_word' id='word_1_24' title='bbox 1592 456 1832 535; x_wconf 75' lang='lat' dir='ltr'>Tabula,</span> <span class='ocrx_word' id='word_1_25' title='bbox 1863 455 1986 512; x_wconf 90' lang='lat' dir='ltr'>teste</span> <span class='ocrx_word' id='word_1_26' title='bbox 2012 458 2083 509; x_wconf 86' lang='lat' dir='ltr'>A·</span> 
     </span>
     <span class='ocr_line' id='line_1_4' title="bbox 137 530 2082 604; baseline -0.001 -16"><span class='ocrx_word' id='word_1_27' title='bbox 137 533 363 588; x_wconf 86' lang='lat' dir='ltr'>thenaeo</span> <span class='ocrx_word' id='word_1_28' title='bbox 407 534 455 585; x_wconf 88' lang='grc'>8(</span> <span class='ocrx_word' id='word_1_29' title='bbox 494 533 666 586; x_wconf 83' lang='lat' dir='ltr'>Plinio</span> <span class='ocrx_word' id='word_1_30' title='bbox 710 530 922 604; x_wconf 88' lang='lat' dir='ltr'>ipsoque</span> <span class='ocrx_word' id='word_1_31' title='bbox 950 532 1267 587; x_wconf 89' lang='lat' dir='ltr'>Rondeletio</span> <span class='ocrx_word' id='word_1_32' title='bbox 1310 532 1380 587; x_wconf 90' lang='lat' dir='ltr'>est</span> <span class='ocrx_word' id='word_1_33' title='bbox 1422 533 1583 588; x_wconf 86' lang='lat' dir='ltr'>Testa</span> <span class='ocrx_word' id='word_1_34' title='bbox 1626 536 1868 589; x_wconf 85' lang='lat' dir='ltr'>caeruleo</span> <span class='ocrx_word' id='word_1_35' title='bbox 1911 534 2082 588; x_wconf 84' lang='lat' dir='ltr'>colore</span> 
     </span>
     <span class='ocr_line' id='line_1_5' title="bbox 134 609 2083 683; baseline 0.001 -19"><span class='ocrx_word' id='word_1_36' title='bbox 134 610 360 677; x_wconf 83' lang='lat' dir='ltr'>donata,</span> <span class='ocrx_word' id='word_1_37' title='bbox 407 611 458 662; x_wconf 89' lang='grc'>8(</span> <span class='ocrx_word' id='word_1_38' title='bbox 498 611 650 665; x_wconf 88' lang='lat' dir='ltr'>lineis</span> <span class='ocrx_word' id='word_1_39' title='bbox 679 610 808 664; x_wconf 88' lang='lat' dir='ltr'>albis</span> <span class='ocrx_word' id='word_1_40' title='bbox 849 627 943 680; x_wconf 91' lang='lat' dir='ltr'>per</span> <span class='ocrx_word' id='word_1_41' title='bbox 971 609 1359 677; x_wconf 82' lang='lat' dir='ltr'>transversum,</span> <span class='ocrx_word' id='word_1_42' title='bbox 1401 611 1654 683; x_wconf 85' lang='lat' dir='ltr'>flavisque</span> <span class='ocrx_word' id='word_1_43' title='bbox 1683 629 1777 683; x_wconf 87' lang='lat' dir='ltr'>per</span> <span class='ocrx_word' id='word_1_44' title='bbox 1803 611 2083 683; x_wconf 80' lang='lat' dir='ltr'>longitudi-</span> 
     </span>
     <span class='ocr_line' id='line_1_6' title="bbox 132 684 2085 760; baseline 0.001 -18"><span class='ocrx_word' id='word_1_45' title='bbox 132 705 257 742; x_wconf 89' lang='lat' dir='ltr'>nem</span> <span class='ocrx_word' id='word_1_46' title='bbox 287 685 558 756; x_wconf 63' lang='lat' dir='ltr'>distincla,</span> <span class='ocrx_word' id='word_1_47' title='bbox 600 689 676 741; x_wconf 88' lang='lat' dir='ltr'>uti</span> <span class='ocrx_word' id='word_1_48' title='bbox 705 687 878 760; x_wconf 70' lang='lat' dir='ltr'>quoad</span> <span class='ocrx_word' id='word_1_49' title='bbox 905 686 1166 740; x_wconf 83' lang='lat' dir='ltr'>linearum</span> <span class='ocrx_word' id='word_1_50' title='bbox 1194 684 1542 741; x_wconf 62' lang='lat' dir='ltr'>directionem</span> <span class='ocrx_word' id='word_1_51' title='bbox 1583 686 1762 743; x_wconf 85' lang='lat' dir='ltr'>videre</span> <span class='ocrx_word' id='word_1_52' title='bbox 1791 687 1862 743; x_wconf 88' lang='lat' dir='ltr'>est</span> <span class='ocrx_word' id='word_1_53' title='bbox 1904 690 1958 741; x_wconf 88' lang='lat' dir='ltr'>in</span> <span class='ocrx_word' id='word_1_54' title='bbox 1999 708 2085 744; x_wconf 90' lang='lat' dir='ltr'>no-</span> 
     </span>
     <span class='ocr_line' id='line_1_7' title="bbox 133 763 2086 838; baseline 0.001 -19"><span class='ocrx_word' id='word_1_55' title='bbox 133 764 234 820; x_wconf 76' lang='lat' dir='ltr'>stra</span> <span class='ocrx_word' id='word_1_56' title='bbox 266 763 460 838; x_wconf 81' lang='lat' dir='ltr'>figura.</span> <span class='ocrx_word' id='word_1_57' title='bbox 503 767 789 829; x_wconf 63' lang='lat' dir='ltr'>Praeterea</span> <span class='ocrx_word' id='word_1_58' title='bbox 817 764 1113 818; x_wconf 86' lang='lat' dir='ltr'>Cardinem</span> <span class='ocrx_word' id='word_1_59' title='bbox 1155 763 1241 820; x_wconf 85' lang='lat' dir='ltr'>seu</span> <span class='ocrx_word' id='word_1_60' title='bbox 1269 765 1483 837; x_wconf 84' lang='lat' dir='ltr'>nigrum</span> <span class='ocrx_word' id='word_1_61' title='bbox 1510 766 1815 835; x_wconf 86' lang='lat' dir='ltr'>vinculum,</span> <span class='ocrx_word' id='word_1_62' title='bbox 1858 783 1914 820; x_wconf 90' lang='lat' dir='ltr'>ut</span> <span class='ocrx_word' id='word_1_63' title='bbox 1949 769 2086 821; x_wconf 88' lang='lat' dir='ltr'>Ron-</span> 
     </span>
     <span class='ocr_line' id='line_1_8' title="bbox 136 841 2085 916; baseline 0.001 -19"><span class='ocrx_word' id='word_1_64' title='bbox 136 842 355 897; x_wconf 88' lang='lat' dir='ltr'>deletius</span> <span class='ocrx_word' id='word_1_65' title='bbox 384 859 570 911; x_wconf 83' lang='lat' dir='ltr'>vocat,</span> <span class='ocrx_word' id='word_1_66' title='bbox 612 845 667 896; x_wconf 89' lang='lat' dir='ltr'>in</span> <span class='ocrx_word' id='word_1_67' title='bbox 696 859 846 916; x_wconf 83' lang='lat' dir='ltr'>parte</span> <span class='ocrx_word' id='word_1_68' title='bbox 877 843 983 913; x_wconf 85' lang='lat' dir='ltr'>ejus</span> <span class='ocrx_word' id='word_1_69' title='bbox 1015 859 1261 896; x_wconf 83' lang='lat' dir='ltr'>extrema</span> <span class='ocrx_word' id='word_1_70' title='bbox 1305 841 1501 911; x_wconf 83' lang='lat' dir='ltr'>habet,</span> <span class='ocrx_word' id='word_1_71' title='bbox 1543 862 1646 896; x_wconf 88' lang='lat' dir='ltr'>non</span> <span class='ocrx_word' id='word_1_72' title='bbox 1688 845 1741 896; x_wconf 89' lang='lat' dir='ltr'>in</span> <span class='ocrx_word' id='word_1_73' title='bbox 1783 844 1987 912; x_wconf 87' lang='lat' dir='ltr'>media,</span> <span class='ocrx_word' id='word_1_74' title='bbox 2028 861 2085 899; x_wconf 89' lang='lat' dir='ltr'>ut</span> 
     </span>
     <span class='ocr_line' id='line_1_9' title="bbox 136 918 2089 990; baseline 0.002 -17"><span class='ocrx_word' id='word_1_75' title='bbox 136 920 362 976; x_wconf 83' lang='lat' dir='ltr'>Femina</span> <span class='ocrx_word' id='word_1_76' title='bbox 403 921 670 990; x_wconf 83' lang='lat' dir='ltr'>unicolor,</span> <span class='ocrx_word' id='word_1_77' title='bbox 716 919 803 975; x_wconf 86' lang='lat' dir='ltr'>seu</span> <span class='ocrx_word' id='word_1_78' title='bbox 847 936 960 976; x_wconf 88' lang='lat' dir='ltr'>tota</span> <span class='ocrx_word' id='word_1_79' title='bbox 1010 918 1320 974; x_wconf 81' lang='lat' dir='ltr'>flavescens.</span> <span class='ocrx_word' id='word_1_80' title='bbox 1366 920 1522 974; x_wconf 88' lang='lat' dir='ltr'>Solen</span> <span class='ocrx_word' id='word_1_81' title='bbox 1549 921 1669 976; x_wconf 85' lang='lat' dir='ltr'>heic</span> <span class='ocrx_word' id='word_1_82' title='bbox 1697 923 1922 977; x_wconf 81' lang='lat' dir='ltr'>Femina</span> <span class='ocrx_word' id='word_1_83' title='bbox 1949 919 2089 976; x_wconf 58' lang='lat' dir='ltr'>dicta</span> 
     </span>
     <span class='ocr_line' id='line_1_10' title="bbox 135 996 2089 1072; baseline -0.001 -19"><span class='ocrx_word' id='word_1_84' title='bbox 135 996 208 1053; x_wconf 87' lang='lat' dir='ltr'>est</span> <span class='ocrx_word' id='word_1_85' title='bbox 253 1016 355 1050; x_wconf 91' lang='lat' dir='ltr'>non</span> <span class='ocrx_word' id='word_1_86' title='bbox 386 998 523 1071; x_wconf 89' lang='lat' dir='ltr'>quod</span> <span class='ocrx_word' id='word_1_87' title='bbox 566 996 736 1072; x_wconf 90' lang='lat' dir='ltr'>reipsa</span> <span class='ocrx_word' id='word_1_88' title='bbox 779 998 898 1052; x_wconf 89' lang='lat' dir='ltr'>talis</span> <span class='ocrx_word' id='word_1_89' title='bbox 945 999 1008 1052; x_wconf 87' lang='lat' dir='ltr'>fit</span> <span class='ocrx_word' id='word_1_90' title='bbox 1049 1016 1214 1070; x_wconf 87' lang='lat' dir='ltr'>quum</span> <span class='ocrx_word' id='word_1_91' title='bbox 1243 996 1635 1072; x_wconf 81' lang='lat' dir='ltr'>Androgynum</span> <span class='ocrx_word' id='word_1_92' title='bbox 1663 999 1762 1054; x_wconf 84' lang='lat' dir='ltr'>effe</span> <span class='ocrx_word' id='word_1_93' title='bbox 1804 1014 2089 1071; x_wconf 83' lang='lat' dir='ltr'>utrumque</span> 
     </span>
     <span class='ocr_line' id='line_1_11' title="bbox 137 1075 2089 1148; baseline -0.001 -19"><span class='ocrx_word' id='word_1_94' title='bbox 137 1093 300 1148; x_wconf 79' lang='lat' dir='ltr'>genus</span> <span class='ocrx_word' id='word_1_95' title='bbox 331 1077 603 1148; x_wconf 80' lang='lat' dir='ltr'>probabile</span> <span class='ocrx_word' id='word_1_96' title='bbox 635 1078 728 1145; x_wconf 82' lang='lat' dir='ltr'>fit,</span> <span class='ocrx_word' id='word_1_97' title='bbox 769 1093 826 1130; x_wconf 89' lang='lat' dir='ltr'>ut</span> <span class='ocrx_word' id='word_1_98' title='bbox 857 1077 912 1130; x_wconf 93' lang='lat' dir='ltr'>in</span> <span class='ocrx_word' id='word_1_99' title='bbox 945 1077 1179 1130; x_wconf 84' lang='lat' dir='ltr'>Conchis</span> <span class='ocrx_word' id='word_1_100' title='bbox 1213 1076 1455 1129; x_wconf 88' lang='lat' dir='ltr'>omnibus</span> <span class='ocrx_word' id='word_1_101' title='bbox 1480 1075 1701 1144; x_wconf 85' lang='lat' dir='ltr'>accidit,</span> <span class='ocrx_word' id='word_1_102' title='bbox 1740 1095 1875 1148; x_wconf 91' lang='lat' dir='ltr'>quae</span> <span class='ocrx_word' id='word_1_103' title='bbox 1902 1077 2089 1128; x_wconf 88' lang='lat' dir='ltr'>immo-</span> 
     </span>
     <span class='ocr_line' id='line_1_12' title="bbox 136 1152 2089 1228; baseline 0 -22"><span class='ocrx_word' id='word_1_104' title='bbox 136 1153 265 1207; x_wconf 83' lang='lat' dir='ltr'>biles</span> <span class='ocrx_word' id='word_1_105' title='bbox 294 1152 410 1207; x_wconf 88' lang='lat' dir='ltr'>sunt</span> <span class='ocrx_word' id='word_1_106' title='bbox 439 1195 451 1208; x_wconf 95' lang='lat'><strong><em>.</em></strong></span> <span class='ocrx_word' id='word_1_107' title='bbox 498 1155 597 1210; x_wconf 84' lang='lat' dir='ltr'>Sed</span> <span class='ocrx_word' id='word_1_108' title='bbox 626 1155 856 1208; x_wconf 85' lang='lat' dir='ltr'>alterum</span> <span class='ocrx_word' id='word_1_109' title='bbox 886 1172 1045 1228; x_wconf 83' lang='lat' dir='ltr'>genus</span> <span class='ocrx_word' id='word_1_110' title='bbox 1085 1153 1161 1209; x_wconf 84' lang='lat' dir='ltr'>est</span> <span class='ocrx_word' id='word_1_111' title='bbox 1202 1154 1266 1206; x_wconf 88' lang='lat' dir='ltr'>ab</span> <span class='ocrx_word' id='word_1_112' title='bbox 1295 1153 1462 1207; x_wconf 88' lang='lat' dir='ltr'>altero</span> <span class='ocrx_word' id='word_1_113' title='bbox 1491 1153 1644 1226; x_wconf 87' lang='lat' dir='ltr'>plane</span> <span class='ocrx_word' id='word_1_114' title='bbox 1674 1153 1917 1209; x_wconf 73' lang='lat' dir='ltr'>differens</span> <span class='ocrx_word' id='word_1_115' title='bbox 1947 1170 1960 1220; x_wconf 89' lang='lat'>;</span> <span class='ocrx_word' id='word_1_116' title='bbox 2004 1152 2089 1207; x_wconf 91' lang='lat' dir='ltr'>sed</span> 
     </span>
     <span class='ocr_line' id='line_1_13' title="bbox 140 1229 2080 1305; baseline 0.001 -22"><span class='ocrx_word' id='word_1_117' title='bbox 140 1232 427 1286; x_wconf 71' lang='lat' dir='ltr'>feminam</span> <span class='ocrx_word' id='word_1_118' title='bbox 456 1247 742 1304; x_wconf 85' lang='lat' dir='ltr'>propterea</span> <span class='ocrx_word' id='word_1_119' title='bbox 770 1232 872 1285; x_wconf 90' lang='lat' dir='ltr'>dici</span> <span class='ocrx_word' id='word_1_120' title='bbox 902 1232 1159 1296; x_wconf 80' lang='lat' dir='ltr'>arbitror,</span> <span class='ocrx_word' id='word_1_121' title='bbox 1200 1230 1339 1302; x_wconf 86' lang='lat' dir='ltr'>quod</span> <span class='ocrx_word' id='word_1_122' title='bbox 1366 1231 1506 1286; x_wconf 87' lang='lat' dir='ltr'>mole</span> <span class='ocrx_word' id='word_1_123' title='bbox 1532 1232 1707 1285; x_wconf 86' lang='lat' dir='ltr'>minor</span> <span class='ocrx_word' id='word_1_124' title='bbox 1748 1229 1953 1305; x_wconf 83' lang='lat' dir='ltr'>semper</span> <span class='ocrx_word' id='word_1_125' title='bbox 1978 1230 2040 1288; x_wconf 83' lang='lat' dir='ltr'>sit</span> <span class='ocrx_word' id='word_1_126' title='bbox 2067 1270 2080 1284; x_wconf 90' lang='lat'><strong>.</strong></span> 
     </span>
     <span class='ocr_line' id='line_1_14' title="bbox 138 1306 2091 1383; baseline 0.002 -23"><span class='ocrx_word' id='word_1_127' title='bbox 138 1308 580 1380; x_wconf 80' lang='lat' dir='ltr'>Frequentiffima</span> <span class='ocrx_word' id='word_1_128' title='bbox 614 1308 776 1362; x_wconf 86' lang='lat' dir='ltr'>Testa</span> <span class='ocrx_word' id='word_1_129' title='bbox 819 1309 957 1382; x_wconf 87' lang='lat' dir='ltr'>apud</span> <span class='ocrx_word' id='word_1_130' title='bbox 984 1327 1075 1362; x_wconf 86' lang='lat' dir='ltr'>nos</span> <span class='ocrx_word' id='word_1_131' title='bbox 1103 1306 1203 1377; x_wconf 83' lang='lat' dir='ltr'>est,</span> <span class='ocrx_word' id='word_1_132' title='bbox 1244 1328 1407 1381; x_wconf 87' lang='lat' dir='ltr'>quam</span> <span class='ocrx_word' id='word_1_133' title='bbox 1432 1307 1608 1365; x_wconf 90' lang='lat' dir='ltr'>mense</span> <span class='ocrx_word' id='word_1_134' title='bbox 1632 1311 1836 1365; x_wconf 90' lang='lat' dir='ltr'>Martio</span> <span class='ocrx_word' id='word_1_135' title='bbox 1863 1308 2091 1383; x_wconf 89' lang='lat' dir='ltr'>praeser-</span> 
     </span>
     <span class='ocr_line' id='line_1_15' title="bbox 138 1385 2091 1461; baseline 0.002 -23"><span class='ocrx_word' id='word_1_136' title='bbox 138 1385 238 1439; x_wconf 89' lang='lat' dir='ltr'>tim</span> <span class='ocrx_word' id='word_1_137' title='bbox 266 1405 369 1439; x_wconf 89' lang='lat' dir='ltr'>una</span> <span class='ocrx_word' id='word_1_138' title='bbox 400 1405 519 1440; x_wconf 92' lang='lat' dir='ltr'>cum</span> <span class='ocrx_word' id='word_1_139' title='bbox 555 1386 722 1442; x_wconf 88' lang='lat' dir='ltr'>altera</span> <span class='ocrx_word' id='word_1_140' title='bbox 737 1387 937 1441; x_wconf 88' lang='lat' dir='ltr'>Rustici</span> <span class='ocrx_word' id='word_1_141' title='bbox 968 1388 1142 1441; x_wconf 86' lang='lat' dir='ltr'>Littus</span> <span class='ocrx_word' id='word_1_142' title='bbox 1170 1389 1330 1442; x_wconf 89' lang='lat' dir='ltr'>maris</span> <span class='ocrx_word' id='word_1_143' title='bbox 1358 1389 1643 1444; x_wconf 83' lang='lat' dir='ltr'>incolentes</span> <span class='ocrx_word' id='word_1_144' title='bbox 1670 1389 1725 1441; x_wconf 91' lang='lat' dir='ltr'>in</span> <span class='ocrx_word' id='word_1_145' title='bbox 1752 1389 1956 1461; x_wconf 82' lang='lat' dir='ltr'>magnis</span> <span class='ocrx_word' id='word_1_146' title='bbox 1985 1405 2091 1442; x_wconf 87' lang='lat' dir='ltr'>ma-</span> 
     </span>
     <span class='ocr_line' id='line_1_16' title="bbox 140 1463 2091 1538; baseline 0.001 -22"><span class='ocrx_word' id='word_1_147' title='bbox 140 1463 210 1516; x_wconf 85' lang='lat' dir='ltr'>ris</span> <span class='ocrx_word' id='word_1_148' title='bbox 238 1463 506 1518; x_wconf 74' lang='lat' dir='ltr'>recessibus</span> <span class='ocrx_word' id='word_1_149' title='bbox 537 1483 604 1518; x_wconf 84' lang='lat' dir='ltr'>ex</span> <span class='ocrx_word' id='word_1_150' title='bbox 623 1468 805 1519; x_wconf 83' lang='lat' dir='ltr'>Arena</span> <span class='ocrx_word' id='word_1_151' title='bbox 835 1465 1117 1518; x_wconf 60' lang='lat' dir='ltr'>effodiunt..</span> <span class='ocrx_word' id='word_1_152' title='bbox 1148 1464 1247 1518; x_wconf 82' lang='lat' dir='ltr'>Sed</span> <span class='ocrx_word' id='word_1_153' title='bbox 1275 1480 1497 1537; x_wconf 87' lang='lat' dir='ltr'>utraque</span> <span class='ocrx_word' id='word_1_154' title='bbox 1526 1466 1581 1518; x_wconf 88' lang='lat' dir='ltr'>in</span> <span class='ocrx_word' id='word_1_155' title='bbox 1607 1464 1805 1518; x_wconf 80' lang='lat' dir='ltr'>deliciis</span> <span class='ocrx_word' id='word_1_156' title='bbox 1833 1465 1970 1538; x_wconf 90' lang='lat' dir='ltr'>apud</span> <span class='ocrx_word' id='word_1_157' title='bbox 2000 1483 2091 1519; x_wconf 89' lang='lat' dir='ltr'>nos</span> 
     </span>
     <span class='ocr_line' id='line_1_17' title="bbox 147 1540 2095 1615; baseline 0.002 -21"><span class='ocrx_word' id='word_1_158' title='bbox 147 1558 257 1594; x_wconf 89' lang='lat' dir='ltr'>non</span> <span class='ocrx_word' id='word_1_159' title='bbox 288 1542 365 1593; x_wconf 87' lang='lat' dir='ltr'>ita</span> <span class='ocrx_word' id='word_1_160' title='bbox 392 1540 494 1609; x_wconf 87' lang='lat' dir='ltr'>est,</span> <span class='ocrx_word' id='word_1_161' title='bbox 522 1558 579 1595; x_wconf 91' lang='lat' dir='ltr'>ut</span> <span class='ocrx_word' id='word_1_162' title='bbox 613 1543 748 1615; x_wconf 87' lang='lat' dir='ltr'>apud</span> <span class='ocrx_word' id='word_1_163' title='bbox 764 1543 1180 1615; x_wconf 78' lang='lat' dir='ltr'>NeapolitanOS,</span> <span class='ocrx_word' id='word_1_164' title='bbox 1218 1543 1311 1615; x_wconf 86' lang='lat' dir='ltr'>qui</span> <span class='ocrx_word' id='word_1_165' title='bbox 1343 1540 1606 1609; x_wconf 82' lang='lat' dir='ltr'>Obsonia,</span> <span class='ocrx_word' id='word_1_166' title='bbox 1633 1542 1977 1597; x_wconf 88' lang='lat' dir='ltr'>&amp;Pulmenta</span> <span class='ocrx_word' id='word_1_167' title='bbox 2005 1562 2095 1597; x_wconf 88' lang='lat' dir='ltr'>va-</span> 
     </span>
     <span class='ocr_line' id='line_1_18' title="bbox 142 1617 2093 1694; baseline 0.002 -22"><span class='ocrx_word' id='word_1_168' title='bbox 142 1619 223 1673; x_wconf 90' lang='lat' dir='ltr'>ria</span> <span class='ocrx_word' id='word_1_169' title='bbox 252 1617 545 1689; x_wconf 89' lang='lat' dir='ltr'>hujusmodi</span> <span class='ocrx_word' id='word_1_170' title='bbox 574 1619 805 1675; x_wconf 84' lang='lat' dir='ltr'>Conchis</span> <span class='ocrx_word' id='word_1_171' title='bbox 834 1635 1059 1689; x_wconf 78' lang='lat' dir='ltr'>ornant,</span> <span class='ocrx_word' id='word_1_172' title='bbox 1101 1637 1227 1691; x_wconf 88' lang='lat' dir='ltr'>quas</span> <span class='ocrx_word' id='word_1_173' title='bbox 1251 1617 1594 1674; x_wconf 77' lang='lat' dir='ltr'>Canaliculos</span> <span class='ocrx_word' id='word_1_174' title='bbox 1619 1621 1698 1673; x_wconf 89' lang='lat' dir='ltr'>uti</span> <span class='ocrx_word' id='word_1_175' title='bbox 1724 1620 1773 1673; x_wconf 88' lang='grc'>8(</span> <span class='ocrx_word' id='word_1_176' title='bbox 1799 1639 1891 1674; x_wconf 90' lang='lat' dir='ltr'>nos</span> <span class='ocrx_word' id='word_1_177' title='bbox 1920 1620 2093 1694; x_wconf 82' lang='lat' dir='ltr'>appel-</span> 
     </span>
     <span class='ocr_line' id='line_1_19' title="bbox 146 1694 2092 1753; baseline 0.002 -5"><span class='ocrx_word' id='word_1_178' title='bbox 146 1696 306 1751; x_wconf 86' lang='lat' dir='ltr'>litant</span> <span class='ocrx_word' id='word_1_179' title='bbox 330 1735 343 1749; x_wconf 87' lang='lat'><strong>.</strong></span> <span class='ocrx_word' id='word_1_180' title='bbox 388 1694 688 1753; x_wconf 84' lang='lat' dir='ltr'>Observavi</span> <span class='ocrx_word' id='word_1_181' title='bbox 722 1698 932 1753; x_wconf 82' lang='lat' dir='ltr'>Solenes</span> <span class='ocrx_word' id='word_1_182' title='bbox 960 1699 1152 1752; x_wconf 87' lang='lat' dir='ltr'>mareis</span> <span class='ocrx_word' id='word_1_183' title='bbox 1193 1695 1355 1751; x_wconf 66' lang='lat' dir='ltr'>diftos</span> <span class='ocrx_word' id='word_1_184' title='bbox 1395 1699 1450 1751; x_wconf 90' lang='lat' dir='ltr'>in</span> <span class='ocrx_word' id='word_1_185' title='bbox 1478 1696 1741 1752; x_wconf 88' lang='lat' dir='ltr'>Intestinis</span> <span class='ocrx_word' id='word_1_186' title='bbox 1780 1699 1960 1752; x_wconf 90' lang='lat' dir='ltr'>album</span> <span class='ocrx_word' id='word_1_187' title='bbox 2003 1716 2092 1752; x_wconf 78' lang='lat' dir='ltr'>ex-</span> 
     </span>
     <span class='ocr_line' id='line_1_20' title="bbox 144 1776 2088 1848; baseline 0 -20"><span class='ocrx_word' id='word_1_188' title='bbox 144 1789 479 1828; x_wconf 88' lang='lat' dir='ltr'>crementum</span> <span class='ocrx_word' id='word_1_189' title='bbox 507 1777 775 1831; x_wconf 88' lang='lat' dir='ltr'>continere</span> <span class='ocrx_word' id='word_1_190' title='bbox 803 1815 818 1844; x_wconf 82' lang='lat'>,</span> <span class='ocrx_word' id='word_1_191' title='bbox 861 1776 1108 1830; x_wconf 88' lang='lat' dir='ltr'>Feminas</span> <span class='ocrx_word' id='word_1_192' title='bbox 1137 1777 1349 1847; x_wconf 76' lang='lat' dir='ltr'>nigrum</span> <span class='ocrx_word' id='word_1_193' title='bbox 1378 1815 1391 1828; x_wconf 90' lang='lat'><strong>.</strong></span> <span class='ocrx_word' id='word_1_194' title='bbox 1435 1776 1677 1829; x_wconf 88' lang='lat' dir='ltr'>Solenem</span> <span class='ocrx_word' id='word_1_195' title='bbox 1706 1776 1843 1829; x_wconf 87' lang='lat' dir='ltr'>hunc</span> <span class='ocrx_word' id='word_1_196' title='bbox 1869 1815 1885 1844; x_wconf 83' lang='lat'>,</span> <span class='ocrx_word' id='word_1_197' title='bbox 1927 1794 2088 1848; x_wconf 90' lang='lat' dir='ltr'>quem</span> 
     </span>
     <span class='ocr_line' id='line_1_21' title="bbox 141 1851 2091 1926; baseline 0 -22"><span class='ocrx_word' id='word_1_198' title='bbox 141 1852 426 1904; x_wconf 84' lang='lat' dir='ltr'>Feminam</span> <span class='ocrx_word' id='word_1_199' title='bbox 453 1871 583 1905; x_wconf 89' lang='lat' dir='ltr'>voco</span> <span class='ocrx_word' id='word_1_200' title='bbox 607 1892 628 1920; x_wconf 66' lang='lat'><em>5</em></span> <span class='ocrx_word' id='word_1_201' title='bbox 667 1872 772 1908; x_wconf 89' lang='lat' dir='ltr'>non</span> <span class='ocrx_word' id='word_1_202' title='bbox 801 1854 1020 1926; x_wconf 81' lang='lat' dir='ltr'>agnovit</span> <span class='ocrx_word' id='word_1_203' title='bbox 1062 1853 1329 1906; x_wconf 82' lang='lat' dir='ltr'>Martinus</span> <span class='ocrx_word' id='word_1_204' title='bbox 1359 1851 1587 1906; x_wconf 83' lang='lat' dir='ltr'>Listerus</span> <span class='ocrx_word' id='word_1_205' title='bbox 1613 1892 1630 1920; x_wconf 79' lang='lat'>,</span> <span class='ocrx_word' id='word_1_206' title='bbox 1670 1855 1760 1924; x_wconf 85' lang='lat' dir='ltr'>qui</span> <span class='ocrx_word' id='word_1_207' title='bbox 1801 1854 1926 1907; x_wconf 89' lang='lat' dir='ltr'>licet</span> <span class='ocrx_word' id='word_1_208' title='bbox 1967 1871 2091 1906; x_wconf 89' lang='lat' dir='ltr'>eum</span> 
     </span>
     <span class='ocr_line' id='line_1_22' title="bbox 140 1927 2093 2000; baseline 0.002 -18"><span class='ocrx_word' id='word_1_209' title='bbox 140 1927 207 1982; x_wconf 84' lang='lat' dir='ltr'>ad</span> <span class='ocrx_word' id='word_1_210' title='bbox 247 1928 434 1981; x_wconf 84' lang='lat' dir='ltr'>vivum</span> <span class='ocrx_word' id='word_1_211' title='bbox 461 1929 696 2000; x_wconf 84' lang='lat' dir='ltr'>pinxerit</span> <span class='ocrx_word' id='word_1_212' title='bbox 721 1970 738 1996; x_wconf 87' lang='lat'>,</span> <span class='ocrx_word' id='word_1_213' title='bbox 779 1947 961 1984; x_wconf 87' lang='lat' dir='ltr'>tamen</span> <span class='ocrx_word' id='word_1_214' title='bbox 1003 1930 1142 1985; x_wconf 88' lang='lat' dir='ltr'>male</span> <span class='ocrx_word' id='word_1_215' title='bbox 1187 1931 1328 1982; x_wconf 86' lang='lat' dir='ltr'>inter</span> <span class='ocrx_word' id='word_1_216' title='bbox 1357 1929 1608 1982; x_wconf 86' lang='lat' dir='ltr'>Pholades</span> <span class='ocrx_word' id='word_1_217' title='bbox 1650 1930 1861 1983; x_wconf 88' lang='lat' dir='ltr'>retulit.</span> <span class='ocrx_word' id='word_1_218' title='bbox 1906 1928 2093 1985; x_wconf 82' lang='lat' dir='ltr'>Phola-</span> 
     </span>
     <span class='ocr_line' id='line_1_23' title="bbox 141 2003 2091 2079; baseline 0.002 -21"><span class='ocrx_word' id='word_1_219' title='bbox 141 2005 230 2060; x_wconf 89' lang='lat' dir='ltr'>des</span> <span class='ocrx_word' id='word_1_220' title='bbox 273 2005 417 2058; x_wconf 89' lang='lat' dir='ltr'>enim</span> <span class='ocrx_word' id='word_1_221' title='bbox 460 2023 564 2058; x_wconf 91' lang='lat' dir='ltr'>non</span> <span class='ocrx_word' id='word_1_222' title='bbox 591 2007 645 2059; x_wconf 90' lang='lat' dir='ltr'>in</span> <span class='ocrx_word' id='word_1_223' title='bbox 675 2006 896 2074; x_wconf 85' lang='lat' dir='ltr'>Arenis,</span> <span class='ocrx_word' id='word_1_224' title='bbox 938 2003 1024 2060; x_wconf 91' lang='lat' dir='ltr'>sed</span> <span class='ocrx_word' id='word_1_225' title='bbox 1053 2006 1108 2059; x_wconf 88' lang='lat' dir='ltr'>in</span> <span class='ocrx_word' id='word_1_226' title='bbox 1134 2003 1271 2059; x_wconf 75' lang='lat' dir='ltr'>saxis</span> <span class='ocrx_word' id='word_1_227' title='bbox 1300 2005 1576 2060; x_wconf 76' lang='lat' dir='ltr'>durissimis</span> <span class='ocrx_word' id='word_1_228' title='bbox 1604 2005 1801 2079; x_wconf 75' lang='lat' dir='ltr'>degunt</span> <span class='ocrx_word' id='word_1_229' title='bbox 1825 2046 1838 2060; x_wconf 91' lang='lat'><strong>.</strong></span> <span class='ocrx_word' id='word_1_230' title='bbox 1883 2009 2091 2061; x_wconf 86' lang='lat' dir='ltr'>Praete·</span> 
     </span>
     <span class='ocr_line' id='line_1_24' title="bbox 147 2079 2091 2157; baseline 0.001 -21"><span class='ocrx_word' id='word_1_231' title='bbox 147 2101 238 2136; x_wconf 90' lang='lat' dir='ltr'>rea</span> <span class='ocrx_word' id='word_1_232' title='bbox 280 2079 487 2137; x_wconf 87' lang='lat' dir='ltr'>diversa</span> <span class='ocrx_word' id='word_1_233' title='bbox 514 2085 731 2137; x_wconf 86' lang='lat' dir='ltr'>omnino</span> <span class='ocrx_word' id='word_1_234' title='bbox 758 2083 830 2139; x_wconf 89' lang='lat' dir='ltr'>est</span> <span class='ocrx_word' id='word_1_235' title='bbox 872 2082 1168 2138; x_wconf 89' lang='lat' dir='ltr'>Pholadum</span> <span class='ocrx_word' id='word_1_236' title='bbox 1195 2081 1446 2139; x_wconf 63' lang='lat' dir='ltr'>strufflura</span> <span class='ocrx_word' id='word_1_237' title='bbox 1475 2124 1487 2136; x_wconf 89' lang='lat'><strong>.</strong></span> <span class='ocrx_word' id='word_1_238' title='bbox 1533 2086 1734 2140; x_wconf 79' lang='lat' dir='ltr'>Merito</span> <span class='ocrx_word' id='word_1_239' title='bbox 1762 2086 1926 2157; x_wconf 80' lang='lat' dir='ltr'>igitur</span> <span class='ocrx_word' id='word_1_240' title='bbox 1952 2084 2091 2140; x_wconf 80' lang='lat' dir='ltr'>inte-r</span> 
     </span>
     <span class='ocr_line' id='line_1_25' title="bbox 144 2161 2090 2234; baseline 0.002 -20"><span class='ocrx_word' id='word_1_241' title='bbox 144 2179 227 2214; x_wconf 88' lang='lat' dir='ltr'>res</span> <span class='ocrx_word' id='word_1_242' title='bbox 269 2161 441 2214; x_wconf 88' lang='lat' dir='ltr'>minus</span> <span class='ocrx_word' id='word_1_243' title='bbox 469 2177 620 2216; x_wconf 89' lang='lat' dir='ltr'>notas</span> <span class='ocrx_word' id='word_1_244' title='bbox 660 2163 906 2216; x_wconf 87' lang='lat' dir='ltr'>Solenem</span> <span class='ocrx_word' id='word_1_245' title='bbox 947 2162 1083 2215; x_wconf 87' lang='lat' dir='ltr'>hanc</span> <span class='ocrx_word' id='word_1_246' title='bbox 1110 2163 1394 2216; x_wconf 84' lang='lat' dir='ltr'>Feminam</span> <span class='ocrx_word' id='word_1_247' title='bbox 1436 2161 1536 2216; x_wconf 82' lang='lat' dir='ltr'>huc</span> <span class='ocrx_word' id='word_1_248' title='bbox 1564 2163 1840 2216; x_wconf 76' lang='lat' dir='ltr'>retulimus</span> <span class='ocrx_word' id='word_1_249' title='bbox 1868 2202 1883 2230; x_wconf 85' lang='lat'>‚</span> <span class='ocrx_word' id='word_1_250' title='bbox 1926 2180 2090 2234; x_wconf 89' lang='lat' dir='ltr'>quum</span> 
     </span>
     <span class='ocr_line' id='line_1_26' title="bbox 144 2236 2091 2311; baseline 0.003 -21"><span class='ocrx_word' id='word_1_251' title='bbox 144 2236 254 2311; x_wconf 88' lang='lat' dir='ltr'>post</span> <span class='ocrx_word' id='word_1_252' title='bbox 280 2238 623 2293; x_wconf 88' lang='lat' dir='ltr'>Athenaeum</span> <span class='ocrx_word' id='word_1_253' title='bbox 667 2241 716 2294; x_wconf 88' lang='grc'>8(</span> <span class='ocrx_word' id='word_1_254' title='bbox 751 2240 980 2292; x_wconf 91' lang='lat' dir='ltr'>Plinium</span> <span class='ocrx_word' id='word_1_255' title='bbox 1004 2278 1020 2307; x_wconf 80' lang='lat'>,</span> <span class='ocrx_word' id='word_1_256' title='bbox 1059 2257 1218 2292; x_wconf 90' lang='lat' dir='ltr'>nemo</span> <span class='ocrx_word' id='word_1_257' title='bbox 1259 2258 1381 2293; x_wconf 88' lang='lat' dir='ltr'>eam</span> <span class='ocrx_word' id='word_1_258' title='bbox 1425 2241 1736 2311; x_wconf 78' lang='lat' dir='ltr'>agnoverit,</span> <span class='ocrx_word' id='word_1_259' title='bbox 1778 2258 1842 2294; x_wconf 90' lang='lat' dir='ltr'>ne</span> <span class='ocrx_word' id='word_1_260' title='bbox 1887 2240 2091 2295; x_wconf 86' lang='lat' dir='ltr'>Ronde·</span> 
     </span>
     <span class='ocr_line' id='line_1_27' title="bbox 151 2314 2036 2389; baseline 0.001 -21"><span class='ocrx_word' id='word_1_261' title='bbox 151 2316 306 2370; x_wconf 88' lang='lat' dir='ltr'>letius</span> <span class='ocrx_word' id='word_1_262' title='bbox 348 2315 563 2387; x_wconf 87' lang='lat' dir='ltr'>quidem</span> <span class='ocrx_word' id='word_1_263' title='bbox 601 2317 654 2368; x_wconf 78' lang='grc'>8(</span> <span class='ocrx_word' id='word_1_264' title='bbox 684 2314 908 2370; x_wconf 85' lang='lat' dir='ltr'>Listerus</span> <span class='ocrx_word' id='word_1_265' title='bbox 950 2316 1050 2369; x_wconf 88' lang='lat' dir='ltr'>duo</span> <span class='ocrx_word' id='word_1_266' title='bbox 1077 2316 1348 2389; x_wconf 86' lang='lat' dir='ltr'>praeclara</span> <span class='ocrx_word' id='word_1_267' title='bbox 1377 2318 1429 2370; x_wconf 91' lang='lat' dir='ltr'>in</span> <span class='ocrx_word' id='word_1_268' title='bbox 1457 2315 1594 2370; x_wconf 84' lang='lat' dir='ltr'>hisce</span> <span class='ocrx_word' id='word_1_269' title='bbox 1626 2317 1775 2372; x_wconf 90' lang='lat' dir='ltr'>rebus</span> <span class='ocrx_word' id='word_1_270' title='bbox 1803 2317 2036 2372; x_wconf 86' lang='lat' dir='ltr'>lumina.</span> 
     </span>
    </p>

    <p class='ocr_par' dir='ltr' id='par_1_3' title="bbox 146 2393 2090 2778">
     <span class='ocr_line' id='line_1_28' title="bbox 222 2393 2090 2467; baseline 0.002 -23"><span class='ocrx_word' id='word_1_271' title='bbox 222 2395 295 2445; x_wconf 92' lang='lat' dir='ltr'>II.</span> <span class='ocrx_word' id='word_1_272' title='bbox 341 2394 557 2448; x_wconf 88' lang='lat' dir='ltr'>Praeter</span> <span class='ocrx_word' id='word_1_273' title='bbox 598 2394 723 2447; x_wconf 85' lang='lat' dir='ltr'>duos</span> <span class='ocrx_word' id='word_1_274' title='bbox 757 2410 1077 2448; x_wconf 87' lang='lat' dir='ltr'>memoratos</span> <span class='ocrx_word' id='word_1_275' title='bbox 1104 2394 1313 2448; x_wconf 88' lang='lat' dir='ltr'>Solenes</span> <span class='ocrx_word' id='word_1_276' title='bbox 1343 2433 1358 2461; x_wconf 82' lang='lat'>,</span> <span class='ocrx_word' id='word_1_277' title='bbox 1399 2395 1584 2449; x_wconf 88' lang='lat' dir='ltr'>tertius</span> <span class='ocrx_word' id='word_1_278' title='bbox 1624 2393 1743 2448; x_wconf 91' lang='lat' dir='ltr'>heic</span> <span class='ocrx_word' id='word_1_279' title='bbox 1784 2395 2048 2467; x_wconf 87' lang='lat' dir='ltr'>reperitur</span> <span class='ocrx_word' id='word_1_280' title='bbox 2073 2435 2090 2464; x_wconf 88' lang='lat'>,</span> 
     </span>
     <span class='ocr_line' id='line_1_29' title="bbox 148 2469 2090 2545; baseline 0.003 -23"><span class='ocrx_word' id='word_1_281' title='bbox 148 2469 343 2523; x_wconf 87' lang='lat' dir='ltr'>duobus</span> <span class='ocrx_word' id='word_1_282' title='bbox 369 2470 474 2523; x_wconf 86' lang='lat' dir='ltr'>illis</span> <span class='ocrx_word' id='word_1_283' title='bbox 516 2469 722 2545; x_wconf 80' lang='lat' dir='ltr'>semper</span> <span class='ocrx_word' id='word_1_284' title='bbox 762 2473 936 2525; x_wconf 87' lang='lat' dir='ltr'>minor</span> <span class='ocrx_word' id='word_1_285' title='bbox 975 2473 1024 2525; x_wconf 88' lang='grc'>8(</span> <span class='ocrx_word' id='word_1_286' title='bbox 1056 2472 1225 2527; x_wconf 91' lang='lat' dir='ltr'>rarior</span> <span class='ocrx_word' id='word_1_287' title='bbox 1265 2492 1295 2527; x_wconf 89' lang='lat' dir='ltr'>a</span> <span class='ocrx_word' id='word_1_288' title='bbox 1324 2470 1521 2525; x_wconf 87' lang='lat' dir='ltr'>Listero</span> <span class='ocrx_word' id='word_1_289' title='bbox 1562 2469 1794 2544; x_wconf 65' lang='lat' dir='ltr'>depiclus</span> <span class='ocrx_word' id='word_1_290' title='bbox 1823 2511 1838 2539; x_wconf 85' lang='lat'>,</span> <span class='ocrx_word' id='word_1_291' title='bbox 1881 2473 1972 2545; x_wconf 88' lang='lat' dir='ltr'>qui</span> <span class='ocrx_word' id='word_1_292' title='bbox 2014 2491 2090 2528; x_wconf 58' lang='lat' dir='ltr'>re»</span> 
     </span>
     <span class='ocr_line' id='line_1_30' title="bbox 148 2545 2090 2623; baseline 0.003 -24"><span class='ocrx_word' id='word_1_293' title='bbox 148 2545 259 2600; x_wconf 56' lang='lat' dir='ltr'>&amp;tus</span> <span class='ocrx_word' id='word_1_294' title='bbox 301 2566 406 2600; x_wconf 93' lang='lat' dir='ltr'>non</span> <span class='ocrx_word' id='word_1_295' title='bbox 434 2546 506 2602; x_wconf 93' lang='lat' dir='ltr'>est</span> <span class='ocrx_word' id='word_1_296' title='bbox 534 2589 549 2618; x_wconf 82' lang='lat'>,</span> <span class='ocrx_word' id='word_1_297' title='bbox 592 2547 678 2603; x_wconf 91' lang='lat' dir='ltr'>sed</span> <span class='ocrx_word' id='word_1_298' title='bbox 718 2549 881 2604; x_wconf 88' lang='lat' dir='ltr'>instar</span> <span class='ocrx_word' id='word_1_299' title='bbox 922 2549 1069 2604; x_wconf 78' lang='lat' dir='ltr'>Ensis</span> <span class='ocrx_word' id='word_1_300' title='bbox 1096 2550 1394 2623; x_wconf 80' lang='lat' dir='ltr'>Hungarici</span> <span class='ocrx_word' id='word_1_301' title='bbox 1419 2549 1640 2603; x_wconf 87' lang='lat' dir='ltr'>falcatus</span> <span class='ocrx_word' id='word_1_302' title='bbox 1666 2589 1678 2602; x_wconf 90' lang='lat'><strong>.</strong></span> <span class='ocrx_word' id='word_1_303' title='bbox 1723 2551 1925 2604; x_wconf 86' lang='lat' dir='ltr'>Cetera</span> <span class='ocrx_word' id='word_1_304' title='bbox 1967 2569 2090 2604; x_wconf 88' lang='lat' dir='ltr'>cum</span> 
     </span>
     <span class='ocr_line' id='line_1_31' title="bbox 146 2626 2089 2701; baseline 0.002 -24"><span class='ocrx_word' id='word_1_305' title='bbox 146 2643 291 2679; x_wconf 87' lang='lat' dir='ltr'>mare</span> <span class='ocrx_word' id='word_1_306' title='bbox 316 2627 594 2695; x_wconf 77' lang='lat' dir='ltr'>convenit,</span> <span class='ocrx_word' id='word_1_307' title='bbox 624 2627 820 2701; x_wconf 87' lang='lat' dir='ltr'>quique</span> <span class='ocrx_word' id='word_1_308' title='bbox 847 2646 950 2682; x_wconf 88' lang='lat' dir='ltr'>non</span> <span class='ocrx_word' id='word_1_309' title='bbox 977 2629 1156 2701; x_wconf 88' lang='lat' dir='ltr'>inepte</span> <span class='ocrx_word' id='word_1_310' title='bbox 1185 2626 1406 2682; x_wconf 89' lang='lat' dir='ltr'>describi</span> <span class='ocrx_word' id='word_1_311' title='bbox 1433 2627 1624 2700; x_wconf 84' lang='lat' dir='ltr'>poffet:</span> <span class='ocrx_word' id='word_1_312' title='bbox 1671 2627 1829 2683; x_wconf 88' lang='lat' dir='ltr'>Solen</span> <span class='ocrx_word' id='word_1_313' title='bbox 1857 2646 1966 2682; x_wconf 86' lang='lat' dir='ltr'>mas</span> <span class='ocrx_word' id='word_1_314' title='bbox 1995 2629 2089 2681; x_wconf 89' lang='lat' dir='ltr'>mi-</span> 
     </span>
     <span class='ocr_line' id='line_1_32' title="bbox 147 2703 1472 2778; baseline 0.004 -23"><span class='ocrx_word' id='word_1_315' title='bbox 147 2721 243 2755; x_wconf 90' lang='lat' dir='ltr'>nor</span> <span class='ocrx_word' id='word_1_316' title='bbox 268 2703 318 2755; x_wconf 89' lang='grc'>8(</span> <span class='ocrx_word' id='word_1_317' title='bbox 345 2704 512 2757; x_wconf 91' lang='lat' dir='ltr'>rarior</span> <span class='ocrx_word' id='word_1_318' title='bbox 538 2704 696 2759; x_wconf 90' lang='lat' dir='ltr'>instar</span> <span class='ocrx_word' id='word_1_319' title='bbox 727 2706 1020 2778; x_wconf 80' lang='lat' dir='ltr'>Hungarici</span> <span class='ocrx_word' id='word_1_320' title='bbox 1051 2705 1197 2760; x_wconf 84' lang='lat' dir='ltr'>Ensis</span> <span class='ocrx_word' id='word_1_321' title='bbox 1224 2705 1472 2761; x_wconf 68' lang='lat' dir='ltr'>falcatus,</span> 
     </span>
    </p>

    <p class='ocr_par' dir='ltr' id='par_1_4' title="bbox 150 2781 2091 3404">
     <span class='ocr_line' id='line_1_33' title="bbox 225 2781 2091 2858; baseline 0.003 -26"><span class='ocrx_word' id='word_1_322' title='bbox 225 2782 326 2834; x_wconf 92' lang='lat' dir='ltr'>III.</span> <span class='ocrx_word' id='word_1_323' title='bbox 373 2784 643 2858; x_wconf 74' lang='lat' dir='ltr'>Quoniam</span> <span class='ocrx_word' id='word_1_324' title='bbox 685 2783 930 2838; x_wconf 88' lang='lat' dir='ltr'>Solenem</span> <span class='ocrx_word' id='word_1_325' title='bbox 972 2785 1254 2839; x_wconf 84' lang='lat' dir='ltr'>Feminam</span> <span class='ocrx_word' id='word_1_326' title='bbox 1296 2783 1361 2837; x_wconf 90' lang='lat' dir='ltr'>ad</span> <span class='ocrx_word' id='word_1_327' title='bbox 1402 2782 1653 2838; x_wconf 84' lang='lat' dir='ltr'>Pholadas</span> <span class='ocrx_word' id='word_1_328' title='bbox 1708 2782 1891 2838; x_wconf 86' lang='lat' dir='ltr'>retulit</span> <span class='ocrx_word' id='word_1_329' title='bbox 1932 2781 2091 2837; x_wconf 86' lang='lat' dir='ltr'>Liste-</span> 
     </span>
     <span class='ocr_line' id='line_1_34' title="bbox 150 2857 2091 2933; baseline 0 -21"><span class='ocrx_word' id='word_1_330' title='bbox 150 2877 264 2927; x_wconf 68' lang='grc' dir='ltr'>της,</span> <span class='ocrx_word' id='word_1_331' title='bbox 305 2857 455 2913; x_wconf 87' lang='lat' dir='ltr'>hasce</span> <span class='ocrx_word' id='word_1_332' title='bbox 488 2861 620 2914; x_wconf 90' lang='lat' dir='ltr'>mihi</span> <span class='ocrx_word' id='word_1_333' title='bbox 646 2862 700 2915; x_wconf 90' lang='lat' dir='ltr'>in</span> <span class='ocrx_word' id='word_1_334' title='bbox 730 2863 1048 2917; x_wconf 85' lang='lat' dir='ltr'>memoriam</span> <span class='ocrx_word' id='word_1_335' title='bbox 1073 2864 1373 2929; x_wconf 80' lang='lat' dir='ltr'>revocavit,</span> <span class='ocrx_word' id='word_1_336' title='bbox 1405 2880 1536 2933; x_wconf 85' lang='lat' dir='ltr'>quae</span> <span class='ocrx_word' id='word_1_337' title='bbox 1564 2862 1619 2913; x_wconf 89' lang='lat' dir='ltr'>in</span> <span class='ocrx_word' id='word_1_338' title='bbox 1649 2861 1783 2916; x_wconf 86' lang='lat' dir='ltr'>saxis</span> <span class='ocrx_word' id='word_1_339' title='bbox 1812 2861 1876 2915; x_wconf 88' lang='lat' dir='ltr'>ad</span> <span class='ocrx_word' id='word_1_340' title='bbox 1903 2859 2091 2914; x_wconf 85' lang='lat' dir='ltr'>ostium</span> 
     </span>
     <span class='ocr_line' id='line_1_35' title="bbox 151 2935 2090 3012; baseline -0.001 -22"><span class='ocrx_word' id='word_1_341' title='bbox 151 2935 307 2991; x_wconf 84' lang='lat' dir='ltr'>nostri</span> <span class='ocrx_word' id='word_1_342' title='bbox 333 2939 519 2992; x_wconf 87' lang='lat' dir='ltr'>Portus</span> <span class='ocrx_word' id='word_1_343' title='bbox 560 2940 828 2999; x_wconf 88' lang='lat' dir='ltr'>interdum</span> <span class='ocrx_word' id='word_1_344' title='bbox 870 2941 1236 3012; x_wconf 86' lang='lat' dir='ltr'>reperiuntur.</span> <span class='ocrx_word' id='word_1_345' title='bbox 1286 2942 1371 2992; x_wconf 83' lang='lat' dir='ltr'>Ex</span> <span class='ocrx_word' id='word_1_346' title='bbox 1413 2938 1493 2990; x_wconf 87' lang='lat' dir='ltr'>his</span> <span class='ocrx_word' id='word_1_347' title='bbox 1532 2939 1675 2991; x_wconf 90' lang='lat' dir='ltr'>enim</span> <span class='ocrx_word' id='word_1_348' title='bbox 1718 2939 1901 2993; x_wconf 86' lang='lat' dir='ltr'>eodem</span> <span class='ocrx_word' id='word_1_349' title='bbox 1939 2935 2090 3010; x_wconf 57' lang='lat' dir='ltr'>paeto</span> 
     </span>
     <span class='ocr_line' id='line_1_36' title="bbox 153 3014 2085 3082; baseline -0.001 -14"><span class='ocrx_word' id='word_1_350' title='bbox 153 3016 229 3070; x_wconf 85' lang='lat' dir='ltr'>uti</span> <span class='ocrx_word' id='word_1_351' title='bbox 274 3035 342 3070; x_wconf 85' lang='lat' dir='ltr'>ex</span> <span class='ocrx_word' id='word_1_352' title='bbox 371 3016 556 3073; x_wconf 88' lang='lat' dir='ltr'>Solene</span> <span class='ocrx_word' id='word_1_353' title='bbox 598 3019 710 3073; x_wconf 80' lang='lat' dir='ltr'>exit</span> <span class='ocrx_word' id='word_1_354' title='bbox 741 3018 1071 3074; x_wconf 82' lang='lat' dir='ltr'>Vermiculus</span> <span class='ocrx_word' id='word_1_355' title='bbox 1114 3017 1270 3071; x_wconf 91' lang='lat' dir='ltr'>instar</span> <span class='ocrx_word' id='word_1_356' title='bbox 1296 3016 1564 3068; x_wconf 88' lang='lat' dir='ltr'>Lumbrici</span> <span class='ocrx_word' id='word_1_357' title='bbox 1594 3015 1842 3070; x_wconf 86' lang='lat' dir='ltr'>terrestris</span> <span class='ocrx_word' id='word_1_358' title='bbox 1869 3055 1884 3082; x_wconf 82' lang='lat'>,</span> <span class='ocrx_word' id='word_1_359' title='bbox 1927 3033 1983 3068; x_wconf 91' lang='lat' dir='ltr'>ut</span> <span class='ocrx_word' id='word_1_360' title='bbox 2011 3014 2085 3068; x_wconf 89' lang='lat' dir='ltr'>vi-</span> 
     </span>
     <span class='ocr_line' id='line_1_37' title="bbox 156 3091 2088 3168; baseline 0 -22"><span class='ocrx_word' id='word_1_361' title='bbox 156 3093 277 3149; x_wconf 90' lang='lat' dir='ltr'>dere</span> <span class='ocrx_word' id='word_1_362' title='bbox 305 3093 378 3150; x_wconf 88' lang='lat' dir='ltr'>est</span> <span class='ocrx_word' id='word_1_363' title='bbox 419 3095 555 3168; x_wconf 88' lang='lat' dir='ltr'>apud</span> <span class='ocrx_word' id='word_1_364' title='bbox 582 3099 636 3149; x_wconf 91' lang='lat' dir='ltr'>P.</span> <span class='ocrx_word' id='word_1_365' title='bbox 670 3097 999 3151; x_wconf 84' lang='lat' dir='ltr'>Bonannium</span> <span class='ocrx_word' id='word_1_366' title='bbox 1028 3137 1040 3150; x_wconf 91' lang='lat'><strong>.</strong></span> <span class='ocrx_word' id='word_1_367' title='bbox 1085 3096 1260 3167; x_wconf 84' lang='lat' dir='ltr'>Major</span> <span class='ocrx_word' id='word_1_368' title='bbox 1288 3095 1335 3146; x_wconf 89' lang='grc'>8(</span> <span class='ocrx_word' id='word_1_369' title='bbox 1365 3095 1537 3147; x_wconf 84' lang='lat' dir='ltr'>minor</span> <span class='ocrx_word' id='word_1_370' title='bbox 1564 3092 1634 3146; x_wconf 89' lang='lat' dir='ltr'>est</span> <span class='ocrx_word' id='word_1_371' title='bbox 1664 3093 1880 3161; x_wconf 79' lang='lat' dir='ltr'>Pholas,</span> <span class='ocrx_word' id='word_1_372' title='bbox 1922 3091 2008 3145; x_wconf 84' lang='lat' dir='ltr'>sed</span> <span class='ocrx_word' id='word_1_373' title='bbox 2033 3092 2088 3146; x_wconf 87' lang='lat' dir='ltr'>in</span> 
     </span>
     <span class='ocr_line' id='line_1_38' title="bbox 159 3169 2087 3247; baseline 0.001 -23"><span class='ocrx_word' id='word_1_374' title='bbox 159 3171 304 3226; x_wconf 90' lang='lat' dir='ltr'>dorso</span> <span class='ocrx_word' id='word_1_375' title='bbox 346 3174 614 3247; x_wconf 80' lang='lat' dir='ltr'>utriusque</span> <span class='ocrx_word' id='word_1_376' title='bbox 657 3173 781 3227; x_wconf 84' lang='lat' dir='ltr'>duas</span> <span class='ocrx_word' id='word_1_377' title='bbox 808 3174 1168 3247; x_wconf 77' lang='lat' dir='ltr'>Cartilagines</span> <span class='ocrx_word' id='word_1_378' title='bbox 1212 3171 1453 3225; x_wconf 86' lang='lat' dir='ltr'>mobileis</span> <span class='ocrx_word' id='word_1_379' title='bbox 1490 3169 1800 3240; x_wconf 80' lang='lat' dir='ltr'>observavi,</span> <span class='ocrx_word' id='word_1_380' title='bbox 1843 3189 1974 3243; x_wconf 85' lang='lat' dir='ltr'>quae</span> <span class='ocrx_word' id='word_1_381' title='bbox 2001 3190 2087 3225; x_wconf 82' lang='lat' dir='ltr'>ve-</span> 
     </span>
     <span class='ocr_line' id='line_1_39' title="bbox 154 3245 2088 3325; baseline -0.003 -20"><span class='ocrx_word' id='word_1_382' title='bbox 154 3249 233 3305; x_wconf 74' lang='lat' dir='ltr'>lut</span> <span class='ocrx_word' id='word_1_383' title='bbox 264 3250 378 3308; x_wconf 86' lang='lat' dir='ltr'>alae</span> <span class='ocrx_word' id='word_1_384' title='bbox 408 3291 424 3321; x_wconf 82' lang='lat'>‚</span> <span class='ocrx_word' id='word_1_385' title='bbox 464 3249 550 3306; x_wconf 90' lang='lat' dir='ltr'>seu</span> <span class='ocrx_word' id='word_1_386' title='bbox 578 3252 811 3307; x_wconf 85' lang='lat' dir='ltr'>cardines</span> <span class='ocrx_word' id='word_1_387' title='bbox 837 3250 952 3304; x_wconf 89' lang='lat' dir='ltr'>sunt</span> <span class='ocrx_word' id='word_1_388' title='bbox 979 3291 995 3321; x_wconf 81' lang='lat'>,</span> <span class='ocrx_word' id='word_1_389' title='bbox 1037 3251 1220 3325; x_wconf 85' lang='lat' dir='ltr'>quibus</span> <span class='ocrx_word' id='word_1_390' title='bbox 1250 3249 1449 3304; x_wconf 83' lang='lat' dir='ltr'>facilius</span> <span class='ocrx_word' id='word_1_391' title='bbox 1478 3248 1697 3302; x_wconf 79' lang='lat' dir='ltr'>Animal</span> <span class='ocrx_word' id='word_1_392' title='bbox 1736 3250 1876 3302; x_wconf 88' lang='lat' dir='ltr'>intra</span> <span class='ocrx_word' id='word_1_393' title='bbox 1903 3245 2088 3302; x_wconf 79' lang='lat' dir='ltr'>saxum</span> 
     </span>
     <span class='ocr_line' id='line_1_40' title="bbox 159 3323 2087 3404; baseline -0.001 -26"><span class='ocrx_word' id='word_1_394' title='bbox 159 3344 438 3383; x_wconf 82' lang='lat' dir='ltr'>moveatur</span> <span class='ocrx_word' id='word_1_395' title='bbox 466 3369 482 3400; x_wconf 80' lang='grc'>,</span> <span class='ocrx_word' id='word_1_396' title='bbox 523 3330 794 3404; x_wconf 86' lang='lat' dir='ltr'>ipsumque</span> <span class='ocrx_word' id='word_1_397' title='bbox 827 3329 1012 3386; x_wconf 82' lang='lat' dir='ltr'>melius</span> <span class='ocrx_word' id='word_1_398' title='bbox 1041 3329 1249 3385; x_wconf 83' lang='lat' dir='ltr'>arrodat</span> <span class='ocrx_word' id='word_1_399' title='bbox 1290 3326 1751 3401; x_wconf 79' lang='lat' dir='ltr'>perterebretque‚</span> <span class='ocrx_word' id='word_1_400' title='bbox 1792 3328 1840 3382; x_wconf 88' lang='lat'>&amp;</span> <span class='ocrx_word' id='word_1_401' title='bbox 1874 3323 2087 3378; x_wconf 79' lang='lat' dir='ltr'>saxeum</span> 
     </span>
    </p>

    <p class='ocr_par' dir='ltr' id='par_1_5' title="bbox 1500 3405 2010 3463">
     <span class='ocr_line' id='line_1_41' title="bbox 1500 3405 2010 3463; baseline -0.002 -8"><span class='ocrx_word' id='word_1_402' title='bbox 1500 3405 1546 3463; x_wconf 80' lang='lat' dir='ltr'>E</span> <span class='ocrx_word' id='word_1_403' title='bbox 1904 3418 2010 3456; x_wconf 53' lang='lat' dir='ltr'>caru</span> 
     </span>
    </p>
   </div>
  </div>
 </body>
</html>
