2643 4060
572 187 1696 271 MINVSN'oTIS.·
1919 220 2001 286 29

315 342 637 415 Statfucare
665 340 799 397 colus
824 381 839 410 ‚
881 361 972 394 nec
1013 340 1198 394 Sidone
1239 338 1402 396 vilior
1442 346 1628 396 Ancon

317 424 518 474 Rsmice
559 443 648 474 nec
689 419 905 492 Libyco.
936 416 971 491 (
991 415 1056 489 1)

161 502 340 570 Quare
370 516 531 568 quum
564 500 816 550 Anconae
846 495 1029 550 eadem
1057 495 1167 552 fere
1196 496 1495 568 Conchylia
1537 496 1765 569 prostent
1805 517 1935 570 quae
1964 502 2100 573 apud

155 593 256 629 nos
270 591 287 642 3
333 574 579 630 credibile
609 573 680 628 est
698 614 713 642 ‚
741 589 797 626 ut
824 573 967 641 dixi,
994 592 1062 626 ex
1089 577 1237 629 vario
1267 576 1599 642 Turbinum,
1641 577 1690 626 8<
1717 576 1943 631 aliarum
1960 580 2098 632 Con-

159 650 380 706 charum
408 670 597 724 genere
625 690 642 719 ,
683 669 1002 724 purpureum
1032 652 1264 706 colorem
1291 650 1488 723 paraffe
1514 690 1531 718 ,
1574 651 1714 722 cujus
1741 653 1924 707 coloris
1949 655 2099 709 vesti-

154 730 300 802 gium
329 730 383 782 in
409 730 488 781 his
520 729 812 782 turbinibus
840 729 1061 801 virgatis
1088 728 1209 782 satis
1237 730 1382 783 felici
1410 729 1632 784 inventu
1660 732 1860 803 reperi.
1890 734 2098 788 Notan-

152 806 279 860 dum
308 806 472 862 etiam
488 805 746 879 postremo
775 805 846 860 est
873 805 1080 859 succum
1106 806 1297 860 horum
1327 805 1596 860 turbinum
1615 808 1796 862 coloris
1814 811 1960 863 rubri
1987 810 2095 865 sub-

151 882 353 937 obscuri
381 885 511 952 effe,
554 883 695 956 quod
737 900 1051 956 argumento
1093 883 1165 937 est
1204 886 1491 958 genuinam
1519 901 1761 940 veterum
1803 889 2097 959 Purpuram

149 960 249 1016 esse
276 1001 292 1029 ,
335 980 498 1034 quum
526 960 662 1034 apud
689 960 819 1033 ipsos
861 961 1040 1016 Vestes
1066 980 1360 1034 purpureae
1402 980 1504 1015 non
1533 963 1637 1035 ejus
1664 965 1849 1017 coloris
1892 965 2051 1018 effent
2079 1006 2095 1034 ‚

149 1054 254 1111 quo
283 1037 554 1111 splendent
596 1038 752 1092 modo
795 1039 951 1093 nostri
979 1041 1229 1113 temporis
1258 1042 1536 1112 Purpurati
1567 1042 1710 1093 Viri.
1757 1040 1921 1094 Color
1951 1044 2096 1096 enim

147 1117 234 1170 hic
261 1116 429 1170 noster
453 1116 704 1169 Puniceus
722 1155 737 1184 ‚
766 1117 1110 1188 Spadiceusve
1140 1119 1407 1172 veteribus
1435 1116 1681 1173 audiebat
1701 1156 1717 1185 ,
1744 1117 1828 1172 sed
1851 1134 2097 1175 veterum

147 1195 382 1266 Purpura
424 1210 537 1247 erat
579 1191 908 1247 subobscurus
952 1194 1216 1249 violaceus
1258 1195 1414 1247 rubro
1457 1193 1724 1248 admixtus
1766 1193 1948 1264 color,
1991 1216 2094 1270 quo

146 1268 294 1323 sensu
322 1289 469 1332 mare
497 1268 813 1342 profundum
843 1273 1085 1325 Homero
1111 1273 1439 1342 Purpureum
1468 1270 1687 1340 dicitur,
1729 1274 1923 1347 quique
1953 1276 2097 1328 color

145 1346 325 1402 nostris
354 1347 673 1419 temporibus
702 1347 930 1420 Anglico
948 1388 964 1416 ‚
1005 1348 1092 1402 vel
1125 1349 1330 1402 Gallico
1359 1348 1596 1405 sermone
1624 1347 1818 1418 BleW,
1845 1351 1932 1404 vel
1962 1350 2098 1405 Eleu

145 1440 474 1497 nuncupatur
501 1442 519 1492 ,·
564 1443 893 1497 quamquam
924 1426 1092 1480 etiam
1120 1426 1257 1496 apud
1287 1442 1492 1481 veteres
1519 1428 1806 1481 Coccineus
1835 1427 1976 1481 color
2002 1430 2092 1502 qui

146 1503 372 1556 Puniceo
401 1501 472 1555 est
499 1503 663 1554 affinis
697 1520 794 1574 pro
825 1504 1094 1575 Purpureo
1122 1502 1391 1556 interdum
1423 1504 1736 1575 accipiatur.

593 1739 1164 1810 CAPVT
1273 1741 1641 1810 XXIII,

532 1886 865 1941 BALANVS
912 1888 1382 1944 CoMPREssvs
1435 1900 1695 1949 MAJOR.

432 2119 517 2175 sed
557 2120 746 2174 melius
784 2120 1006 2191 Polypes
1047 2118 1134 2174 seu
1176 2120 1401 2192 Polypus
1443 2120 1800 2192 appellaretur
1828 2159 1840 2172 .
1884 2120 2086 2173 Multos

434 2199 578 2251 enim
607 2197 763 2269 pedes
791 2197 1124 2269 Capillorum
1152 2196 1310 2251 instar
1338 2217 1405 2251 ex
1433 2216 1520 2251 ore
1555 2196 1807 2253 Testaceo
1850 2197 2050 2251 emittit
2070 2234 2088 2265 ‚

143 2292 202 2330 ut
243 2276 422 2330 videre
452 2274 524 2327 est
566 2293 633 2328 ex
663 2276 858 2346 Figura
890 2276 960 2326 II.
1007 2275 1247 2328 Tabulae
1275 2277 1340 2326 V.
1385 2275 1608 2328 Animal
1635 2289 1938 2346 praeterea,
1977 2273 2013 2326 fi
2056 2293 2088 2328 a

144 2368 294 2427 parte
330 2351 522 2426 postica
551 2350 655 2421 ejus
685 2350 876 2406 Testae
904 2351 1108 2404 corium
1137 2350 1401 2424 quoddam
1429 2351 1767 2419 detrahatur,
1794 2351 1941 2405 velut
1969 2368 2089 2423 par·

141 2449 236 2486 vus
265 2432 585 2484 Cammarus
616 2445 861 2501 apparet.
907 2430 1029 2480 Pars
1059 2428 1284 2501 denique
1326 2428 1419 2482 illa
1458 2427 1652 2501 postica
1693 2429 1832 2481 corio
1872 2428 1961 2481 illo
2003 2427 2086 2484 de÷

141 2506 312 2563 tracsto
354 2506 571 2580 pulchre
600 2505 923 2577 Labyrinthi
964 2506 1020 2558 in
1064 2506 1280 2560 modum
1321 2521 1583 2560 excavata
1624 2506 1855 2560 cernitur
1880 2544 1897 2574 ,
1937 2505 2084 2560 velut

143 2586 400 2659 Agaricus
428 2584 517 2637 ille
561 2601 720 2656 quem
746 2584 1118 2637 Botanico'rum
1147 2585 1390 2656 Princeps
1430 2583 1834 2638 Tournefortius
1876 2582 2082 2637 Daeda-

141 2663 237 2717 leis
262 2662 465 2716 finubus
493 2676 814 2715 excavatum
845 2677 1029 2716 vocat.
1075 2659 1568 2735 (z)'Adl1aerescit
1594 2661 1906 2736 plerumque
1937 2660 2085 2728 Balaff

143 2759 239 2796 nus
265 2738 354 2794 iste
382 2737 611 2794 solitarie
640 2739 915 2793 corticibus
943 2735 1242 2793 Testudinis
1271 2741 1536 2795 marinae.

224 2821 294 2871 II.
341 2817 525 2871 Balani
552 2818 822 2889 compreffi
849 2816 1234 2889 confertissimi,
1267 2816 1352 2871 sed
1381 2819 1608 2872 minores
1635 2817 1970 2888 reperiuntur
1996 2814 2081 2869 ad-

149 2896 425 2952 haerentes
451 2895 605 2969 lignis
633 2896 681 2947 8<
710 2893 844 2949 saxis
871 2893 1026 2947 nostri
1045 2896 1258 2963 Portus,
1288 2892 1372 2947 sed
1399 2895 1566 2947 adhuc
1591 2894 1975 2966 frequentiores
2002 2911 2082 2946 re-

148 2976 423 3048 periuntur
452 2973 691 3027 Venetiis
720 2973 879 3025 muris
906 2973 954 3024 8<
982 2970 1114 3044 palis
1145 2971 1433 3025 Canalium
1462 2972 1823 3025 inhaerentes·

156 3074 159 3080 ·
228 3055 329 3106 III.
372 3052 595 3107 Balanus
622 3049 930 3123 compressus
958 3065 1174 3104 revocat
1204 3050 1257 3102 in
1287 3064 1526 3102 mentem
1555 3048 1777 3101 Patellas
1804 3086 1818 3115 ,
1861 3063 2086 3120 quarum

151 3129 251 3184 duo
279 3146 472 3204 genera
515 3127 651 3202 apud
678 3146 768 3183 nos
793 3127 1154 3200 reperiuntur.
1199 3127 1434 3181 Primum
1461 3127 1623 3181 rarius
1651 3124 1863 3198 quidem
1879 3125 1968 3255 il&
1991 3126 2084 3193 Pa-⁴

1828 3218 1879 3258 te
1926 3220 2014 3257 am

147 2038 190 2096 1.
223 2041 594 2228 BAlanus
636 2041 722 2097 hic
763 2041 1075 2115 compressus
1116 2043 1207 2115 qui
1247 2061 1314 2096 ex
1341 2041 1701 2115 Policipedum
1742 2053 1931 2115 genere
1974 2042 2091 2112 est9'

270 3334 287 3382 )
316 3334 388 3372 Sil.
417 3333 545 3374 Italic.
575 3335 737 3376 l.v111.
765 3335 857 3387 vos.
870 3349 962 3389 437.

272 3388 287 3436 )
317 3384 544 3436 L·:stitution.
574 3389 624 3428 rei
652 3387 790 3429 herbar.
815 3391 1007 3443 pag.562.

208 3333 255 3380 (1

209 3386 261 3433 (2
