<?xml version="1.0" encoding="UTF-8"?>
<!DOCTYPE html PUBLIC "-//W3C//DTD XHTML 1.0 Transitional//EN"
    "http://www.w3.org/TR/xhtml1/DTD/xhtml1-transitional.dtd">
<html xmlns="http://www.w3.org/1999/xhtml" xml:lang="en" lang="en">
 <head>
  <title>
</title>
<meta http-equiv="Content-Type" content="text/html;charset=utf-8" />
  <meta name='ocr-system' content='tesseract 3.04.00' />
  <meta name='ocr-capabilities' content='ocr_page ocr_carea ocr_par ocr_line ocrx_word'/>
</head>
<body>
  <div class='ocr_page' id='page_1' title='image "./janiplanciarimin39bian_0015.png"; bbox 0 0 2643 4060; ppageno 0'>
   <div class='ocr_carea' id='block_1_1' title="bbox 601 220 1946 301">
    <p class='ocr_par' dir='ltr' id='par_1_1' title="bbox 601 220 1946 301">
     <span class='ocr_line' id='line_1_1' title="bbox 601 220 1946 301; baseline 0.011 -15"><span class='ocrx_word' id='word_1_1' title='bbox 601 220 1575 293; x_wconf 73' lang='lat' dir='ltr'><strong>PRAEFAT10·&#39;</strong></span> <span class='ocrx_word' id='word_1_2' title='bbox 1914 232 1946 301; x_wconf 74' lang='lat'><em>3</em></span> 
     </span>
    </p>
   </div>
   <div class='ocr_carea' id='block_1_2' title="bbox 121 359 2074 3227">
    <p class='ocr_par' dir='ltr' id='par_1_2' title="bbox 121 359 2071 1983">
     <span class='ocr_line' id='line_1_2' title="bbox 121 359 2063 438; baseline -0.006 -14"><span class='ocrx_word' id='word_1_3' title='bbox 121 387 242 424; x_wconf 84' lang='lat' dir='ltr'>rum</span> <span class='ocrx_word' id='word_1_4' title='bbox 276 365 530 421; x_wconf 67' lang='lat' dir='ltr'>Conchae‘</span> <span class='ocrx_word' id='word_1_5' title='bbox 555 362 704 418; x_wconf 87' lang='lat' dir='ltr'>testes</span> <span class='ocrx_word' id='word_1_6' title='bbox 730 361 845 416; x_wconf 88' lang='lat' dir='ltr'>sunt</span> <span class='ocrx_word' id='word_1_7' title='bbox 887 378 945 415; x_wconf 90' lang='lat' dir='ltr'>ut</span> <span class='ocrx_word' id='word_1_8' title='bbox 972 363 1200 417; x_wconf 75' lang='lat' dir='ltr'><strong>diximus</strong></span> <span class='ocrx_word' id='word_1_9' title='bbox 1241 383 1466 438; x_wconf 80' lang='lat' dir='ltr'>magnae</span> <span class='ocrx_word' id='word_1_10' title='bbox 1495 363 1634 416; x_wconf 88' lang='lat' dir='ltr'>illius</span> <span class='ocrx_word' id='word_1_11' title='bbox 1660 361 1709 414; x_wconf 76' lang='lat'>8&lt;</span> <span class='ocrx_word' id='word_1_12' title='bbox 1736 359 1947 414; x_wconf 87' lang='lat' dir='ltr'>divinae</span> <span class='ocrx_word' id='word_1_13' title='bbox 1976 379 2063 414; x_wconf 78' lang='lat' dir='ltr'>ex-</span> 
     </span>
     <span class='ocr_line' id='line_1_3' title="bbox 124 437 2065 513; baseline -0.006 -13"><span class='ocrx_word' id='word_1_14' title='bbox 124 445 467 511; x_wconf 71' lang='lat' dir='ltr'>undationis5</span> <span class='ocrx_word' id='word_1_15' title='bbox 512 440 596 495; x_wconf 82' lang='lat' dir='ltr'>vel</span> <span class='ocrx_word' id='word_1_16' title='bbox 638 441 673 492; x_wconf 90' lang='lat' dir='ltr'>fi</span> <span class='ocrx_word' id='word_1_17' title='bbox 717 439 768 492; x_wconf 88' lang='lat' dir='ltr'>id</span> <span class='ocrx_word' id='word_1_18' title='bbox 810 440 1231 512; x_wconf 16' lang='lat' dir='ltr'>non-praestant,</span> <span class='ocrx_word' id='word_1_19' title='bbox 1276 458 1332 496; x_wconf 90' lang='lat' dir='ltr'>ut</span> <span class='ocrx_word' id='word_1_20' title='bbox 1360 444 1531 495; x_wconf 88' lang='lat' dir='ltr'>minus</span> <span class='ocrx_word' id='word_1_21' title='bbox 1562 457 1682 513; x_wconf 87' lang='lat' dir='ltr'>apte</span> <span class='ocrx_word' id='word_1_22' title='bbox 1710 437 1917 492; x_wconf 86' lang='lat' dir='ltr'>fortasse</span> <span class='ocrx_word' id='word_1_23' title='bbox 1946 455 2065 490; x_wconf 92' lang='lat' dir='ltr'>con-</span> 
     </span>
     <span class='ocr_line' id='line_1_4' title="bbox 125 514 2065 589; baseline -0.006 -12"><span class='ocrx_word' id='word_1_24' title='bbox 125 523 348 578; x_wconf 88' lang='lat' dir='ltr'>tendunt</span> <span class='ocrx_word' id='word_1_25' title='bbox 376 517 659 585; x_wconf 76' lang='lat' dir='ltr'>nonnulli3</span> <span class='ocrx_word' id='word_1_26' title='bbox 704 517 999 589; x_wconf 86' lang='lat' dir='ltr'>probabunt</span> <span class='ocrx_word' id='word_1_27' title='bbox 1042 536 1223 575; x_wconf 89' lang='lat' dir='ltr'>tamen</span> <span class='ocrx_word' id='word_1_28' title='bbox 1262 538 1364 572; x_wconf 89' lang='lat' dir='ltr'>non</span> <span class='ocrx_word' id='word_1_29' title='bbox 1407 516 1616 572; x_wconf 83' lang='lat' dir='ltr'><strong>obscure</strong></span> <span class='ocrx_word' id='word_1_30' title='bbox 1659 517 1920 569; x_wconf 88' lang='lat' dir='ltr'>maximas</span> <span class='ocrx_word' id='word_1_31' title='bbox 1948 514 2065 567; x_wconf 88' lang='lat' dir='ltr'>illas</span> 
     </span>
     <span class='ocr_line' id='line_1_5' title="bbox 124 593 2065 664; baseline -0.005 -12"><span class='ocrx_word' id='word_1_32' title='bbox 124 599 418 652; x_wconf 86' lang='lat' dir='ltr'>Platonicas</span> <span class='ocrx_word' id='word_1_33' title='bbox 448 596 606 648; x_wconf 80' lang='lat' dir='ltr'>Orbis</span> <span class='ocrx_word' id='word_1_34' title='bbox 635 598 927 648; x_wconf 78' lang='lat' dir='ltr'>Terrarum</span> <span class='ocrx_word' id='word_1_35' title='bbox 960 597 1312 650; x_wconf 80' lang='lat' dir='ltr'>revolutiones</span> <span class='ocrx_word' id='word_1_36' title='bbox 1338 594 1850 664; x_wconf 77' lang='lat' dir='ltr'>exundationesque,</span> <span class='ocrx_word' id='word_1_37' title='bbox 1877 593 1925 644; x_wconf 80' lang='lat'>8&lt;</span> <span class='ocrx_word' id='word_1_38' title='bbox 1957 610 2065 643; x_wconf 91' lang='lat' dir='ltr'>ma-</span> 
     </span>
     <span class='ocr_line' id='line_1_6' title="bbox 123 670 2066 750; baseline -0.004 -21"><span class='ocrx_word' id='word_1_39' title='bbox 123 694 257 750; x_wconf 82' lang='lat' dir='ltr'>gnae</span> <span class='ocrx_word' id='word_1_40' title='bbox 286 673 558 729; x_wconf 86' lang='lat' dir='ltr'>vetustatis</span> <span class='ocrx_word' id='word_1_41' title='bbox 588 672 740 744; x_wconf 80' lang='lat' dir='ltr'>ipsius</span> <span class='ocrx_word' id='word_1_42' title='bbox 768 672 961 725; x_wconf 80' lang='lat' dir='ltr'>Mundi</span> <span class='ocrx_word' id='word_1_43' title='bbox 1006 691 1158 727; x_wconf 87' lang='lat' dir='ltr'>erunt</span> <span class='ocrx_word' id='word_1_44' title='bbox 1200 692 1304 726; x_wconf 91' lang='lat' dir='ltr'>non</span> <span class='ocrx_word' id='word_1_45' title='bbox 1332 670 1544 725; x_wconf 91' lang='lat' dir='ltr'>obscura</span> <span class='ocrx_word' id='word_1_46' title='bbox 1573 670 1868 725; x_wconf 88' lang='lat' dir='ltr'>testimonia</span> <span class='ocrx_word' id='word_1_47' title='bbox 1896 710 1912 738; x_wconf 82' lang='lat'>,</span> <span class='ocrx_word' id='word_1_48' title='bbox 1953 688 2066 741; x_wconf 82' lang='lat' dir='ltr'>quae</span> 
     </span>
     <span class='ocr_line' id='line_1_7' title="bbox 123 745 2067 823; baseline -0.004 -17"><span class='ocrx_word' id='word_1_49' title='bbox 123 772 202 808; x_wconf 88' lang='lat' dir='ltr'>res</span> <span class='ocrx_word' id='word_1_50' title='bbox 245 771 348 807; x_wconf 90' lang='lat' dir='ltr'>non</span> <span class='ocrx_word' id='word_1_51' title='bbox 376 750 714 804; x_wconf 74' lang='lat' dir='ltr'>mediocriter</span> <span class='ocrx_word' id='word_1_52' title='bbox 753 749 946 823; x_wconf 74' lang='lat' dir='ltr'>fatigat</span> <span class='ocrx_word' id='word_1_53' title='bbox 991 750 1351 823; x_wconf 80' lang='lat' dir='ltr'>Chronologos</span> <span class='ocrx_word' id='word_1_54' title='bbox 1379 790 1390 803; x_wconf 90' lang='lat'><strong>.</strong></span> <span class='ocrx_word' id='word_1_55' title='bbox 1437 753 1618 803; x_wconf 86' lang='lat' dir='ltr'>Tanta</span> <span class='ocrx_word' id='word_1_56' title='bbox 1649 747 1854 821; x_wconf 85' lang='lat' dir='ltr'>insuper</span> <span class='ocrx_word' id='word_1_57' title='bbox 1882 745 1951 802; x_wconf 88' lang='lat' dir='ltr'>est</span> <span class='ocrx_word' id='word_1_58' title='bbox 1978 748 2067 799; x_wconf 88' lang='lat' dir='ltr'>ha-</span> 
     </span>
     <span class='ocr_line' id='line_1_8' title="bbox 121 825 2067 901; baseline -0.004 -18"><span class='ocrx_word' id='word_1_59' title='bbox 121 849 241 884; x_wconf 88' lang='lat' dir='ltr'>rum</span> <span class='ocrx_word' id='word_1_60' title='bbox 284 849 461 883; x_wconf 89' lang='lat' dir='ltr'>rerum</span> <span class='ocrx_word' id='word_1_61' title='bbox 506 828 772 900; x_wconf 77' lang='lat' dir='ltr'>elegantia</span> <span class='ocrx_word' id='word_1_62' title='bbox 817 829 867 880; x_wconf 76' lang='lat'>8&lt;</span> <span class='ocrx_word' id='word_1_63' title='bbox 895 827 1006 880; x_wconf 91' lang='lat' dir='ltr'>usus</span> <span class='ocrx_word' id='word_1_64' title='bbox 1034 868 1049 896; x_wconf 80' lang='lat'>‚</span> <span class='ocrx_word' id='word_1_65' title='bbox 1090 845 1148 882; x_wconf 89' lang='lat' dir='ltr'>ut</span> <span class='ocrx_word' id='word_1_66' title='bbox 1190 829 1397 901; x_wconf 81' lang='lat' dir='ltr'>aliquae</span> <span class='ocrx_word' id='word_1_67' title='bbox 1438 846 1619 881; x_wconf 85' lang='lat' dir='ltr'>earum</span> <span class='ocrx_word' id='word_1_68' title='bbox 1659 827 1910 900; x_wconf 87' lang='lat' dir='ltr'>pecuniae</span> <span class='ocrx_word' id='word_1_69' title='bbox 1953 825 2067 877; x_wconf 90' lang='lat' dir='ltr'>loco</span> 
     </span>
     <span class='ocr_line' id='line_1_9' title="bbox 122 900 2068 980; baseline -0.006 -17"><span class='ocrx_word' id='word_1_70' title='bbox 122 907 260 980; x_wconf 86' lang='lat' dir='ltr'>apud</span> <span class='ocrx_word' id='word_1_71' title='bbox 302 905 549 978; x_wconf 85' lang='lat' dir='ltr'>quasdam</span> <span class='ocrx_word' id='word_1_72' title='bbox 580 905 1078 960; x_wconf 74' lang='lat' dir='ltr'>Barbaras&#39;Genteis</span> <span class='ocrx_word' id='word_1_73' title='bbox 1107 906 1403 960; x_wconf 87' lang='lat' dir='ltr'>habeantur</span> <span class='ocrx_word' id='word_1_74' title='bbox 1429 946 1441 958; x_wconf 91' lang='lat'><strong>.</strong></span> <span class='ocrx_word' id='word_1_75' title='bbox 1486 904 1697 958; x_wconf 80' lang='lat' dir='ltr'>Addam</span> <span class='ocrx_word' id='word_1_76' title='bbox 1739 901 1961 973; x_wconf 89' lang='lat' dir='ltr'>denique</span> <span class='ocrx_word' id='word_1_77' title='bbox 2003 900 2068 953; x_wconf 90' lang='lat' dir='ltr'>ad</span> 
     </span>
     <span class='ocr_line' id='line_1_10' title="bbox 121 976 2069 1057; baseline -0.006 -17"><span class='ocrx_word' id='word_1_78' title='bbox 121 987 268 1041; x_wconf 87' lang='lat' dir='ltr'>vitae</span> <span class='ocrx_word' id='word_1_79' title='bbox 296 983 476 1051; x_wconf 79' lang='lat' dir='ltr'>usum,</span> <span class='ocrx_word' id='word_1_80' title='bbox 506 985 555 1035; x_wconf 71' lang='lat'>8&lt;</span> <span class='ocrx_word' id='word_1_81' title='bbox 584 983 805 1036; x_wconf 87' lang='lat' dir='ltr'>humani</span> <span class='ocrx_word' id='word_1_82' title='bbox 838 985 1041 1057; x_wconf 80' lang='lat' dir='ltr'>generis</span> <span class='ocrx_word' id='word_1_83' title='bbox 1067 986 1504 1057; x_wconf 78' lang='lat' dir='ltr'>propagationem</span> <span class='ocrx_word' id='word_1_84' title='bbox 1532 1024 1546 1051; x_wconf 86' lang='grc'>,</span> <span class='ocrx_word' id='word_1_85' title='bbox 1589 981 1816 1036; x_wconf 89' lang='lat' dir='ltr'>multum</span> <span class='ocrx_word' id='word_1_86' title='bbox 1847 976 2069 1051; x_wconf 88' lang='lat' dir='ltr'>praesta-</span> 
     </span>
     <span class='ocr_line' id='line_1_11' title="bbox 121 1055 2071 1134; baseline -0.005 -17"><span class='ocrx_word' id='word_1_87' title='bbox 121 1082 178 1117; x_wconf 86' lang='lat' dir='ltr'>re</span> <span class='ocrx_word' id='word_1_88' title='bbox 222 1063 449 1115; x_wconf 86' lang='lat' dir='ltr'>marinas</span> <span class='ocrx_word' id='word_1_89' title='bbox 474 1061 719 1114; x_wconf 86' lang='lat' dir='ltr'>Conchas</span> <span class='ocrx_word' id='word_1_90' title='bbox 748 1101 762 1130; x_wconf 84' lang='lat'>‚</span> <span class='ocrx_word' id='word_1_91' title='bbox 805 1077 861 1115; x_wconf 87' lang='lat' dir='ltr'>ut</span> <span class='ocrx_word' id='word_1_92' title='bbox 890 1062 1066 1116; x_wconf 81' lang='lat' dir='ltr'>Tabes</span> <span class='ocrx_word' id='word_1_93' title='bbox 1096 1062 1291 1133; x_wconf 87' lang='lat' dir='ltr'>aliique</span> <span class='ocrx_word' id='word_1_94' title='bbox 1321 1062 1586 1134; x_wconf 80' lang='lat' dir='ltr'>graviores</span> <span class='ocrx_word' id='word_1_95' title='bbox 1614 1058 1796 1112; x_wconf 89' lang='lat' dir='ltr'>Morbi</span> <span class='ocrx_word' id='word_1_96' title='bbox 1837 1055 1923 1110; x_wconf 89' lang='lat' dir='ltr'>esu</span> <span class='ocrx_word' id='word_1_97' title='bbox 1965 1073 2071 1109; x_wconf 90' lang='lat' dir='ltr'>car-</span> 
     </span>
     <span class='ocr_line' id='line_1_12' title="bbox 122 1134 2069 1208; baseline -0.004 -15"><span class='ocrx_word' id='word_1_98' title='bbox 122 1141 273 1193; x_wconf 88' lang='lat' dir='ltr'>nium</span> <span class='ocrx_word' id='word_1_99' title='bbox 314 1137 528 1192; x_wconf 83' lang='lat' dir='ltr'>istarum</span> <span class='ocrx_word' id='word_1_100' title='bbox 569 1137 860 1206; x_wconf 82' lang='lat' dir='ltr'>sanentur3</span> <span class='ocrx_word' id='word_1_101' title='bbox 905 1137 1316 1208; x_wconf 81' lang='lat' dir='ltr'>scrutatoresque</span> <span class='ocrx_word' id='word_1_102' title='bbox 1346 1152 1564 1193; x_wconf 87' lang='lat' dir='ltr'>naturae</span> <span class='ocrx_word' id='word_1_103' title='bbox 1607 1134 1950 1190; x_wconf 84' lang='lat' dir='ltr'>observarunt</span> <span class='ocrx_word' id='word_1_104' title='bbox 1978 1135 2069 1186; x_wconf 86' lang='lat' dir='ltr'>Po-</span> 
     </span>
     <span class='ocr_line' id='line_1_13' title="bbox 125 1210 2064 1291; baseline -0.002 -22"><span class='ocrx_word' id='word_1_105' title='bbox 125 1217 271 1291; x_wconf 81' lang='lat' dir='ltr'>pulos</span> <span class='ocrx_word' id='word_1_106' title='bbox 299 1215 516 1269; x_wconf 89' lang='lat' dir='ltr'>Littoris</span> <span class='ocrx_word' id='word_1_107' title='bbox 532 1216 700 1267; x_wconf 87' lang='lat' dir='ltr'>Maris</span> <span class='ocrx_word' id='word_1_108' title='bbox 729 1215 924 1267; x_wconf 89' lang='lat' dir='ltr'>incola-s</span> <span class='ocrx_word' id='word_1_109' title='bbox 953 1233 1078 1287; x_wconf 90' lang='lat' dir='ltr'>prae</span> <span class='ocrx_word' id='word_1_110' title='bbox 1111 1214 1519 1270; x_wconf 84' lang='lat' dir='ltr'>Mediterraneis</span> <span class='ocrx_word' id='word_1_111' title='bbox 1546 1213 1905 1269; x_wconf 84' lang='lat' dir='ltr'>foecundiores</span> <span class='ocrx_word' id='word_1_112' title='bbox 1932 1210 2030 1266; x_wconf 83' lang='lat' dir='ltr'>effe</span> <span class='ocrx_word' id='word_1_113' title='bbox 2046 1228 2064 1279; x_wconf 93' lang='lat'>‚·</span> 
     </span>
     <span class='ocr_line' id='line_1_14' title="bbox 124 1289 2070 1366; baseline -0.004 -18"><span class='ocrx_word' id='word_1_114' title='bbox 124 1296 190 1348; x_wconf 93' lang='lat' dir='ltr'>ob</span> <span class='ocrx_word' id='word_1_115' title='bbox 230 1292 372 1348; x_wconf 88' lang='lat' dir='ltr'>esum</span> <span class='ocrx_word' id='word_1_116' title='bbox 414 1293 557 1347; x_wconf 84' lang='lat' dir='ltr'>enim</span> <span class='ocrx_word' id='word_1_117' title='bbox 598 1292 931 1364; x_wconf 85' lang='lat' dir='ltr'>frequentem</span> <span class='ocrx_word' id='word_1_118' title='bbox 964 1290 1186 1346; x_wconf 87' lang='lat' dir='ltr'>Piscium</span> <span class='ocrx_word' id='word_1_119' title='bbox 1219 1334 1234 1362; x_wconf 86' lang='lat'>‚</span> <span class='ocrx_word' id='word_1_120' title='bbox 1277 1292 1699 1364; x_wconf 88' lang='lat' dir='ltr'>Conchyliorum</span> <span class='ocrx_word' id='word_1_121' title='bbox 1728 1289 2070 1366; x_wconf 86' lang='lat' dir='ltr'>praesertim,</span> 
     </span>
     <span class='ocr_line' id='line_1_15' title="bbox 125 1370 2070 1445; baseline -0.002 -21"><span class='ocrx_word' id='word_1_122' title='bbox 125 1390 350 1445; x_wconf 85' lang='lat' dir='ltr'>quorum</span> <span class='ocrx_word' id='word_1_123' title='bbox 379 1370 614 1424; x_wconf 88' lang='lat' dir='ltr'>carnium</span> <span class='ocrx_word' id='word_1_124' title='bbox 633 1370 793 1423; x_wconf 87' lang='lat' dir='ltr'>fibrae</span> <span class='ocrx_word' id='word_1_125' title='bbox 826 1370 1087 1424; x_wconf 88' lang='lat' dir='ltr'>breviores</span> <span class='ocrx_word' id='word_1_126' title='bbox 1104 1411 1119 1439; x_wconf 82' lang='lat'>‚</span> <span class='ocrx_word' id='word_1_127' title='bbox 1146 1372 1195 1424; x_wconf 75' lang='grc' dir='ltr'>ὃ(</span> <span class='ocrx_word' id='word_1_128' title='bbox 1212 1371 1277 1426; x_wconf 87' lang='lat' dir='ltr'>ad</span> <span class='ocrx_word' id='word_1_129' title='bbox 1303 1370 1647 1444; x_wconf 77' lang='lat' dir='ltr'>digestionem</span> <span class='ocrx_word' id='word_1_130' title='bbox 1677 1372 1936 1442; x_wconf 76' lang='lat' dir='ltr'>aptioreS,</span> <span class='ocrx_word' id='word_1_131' title='bbox 1962 1385 2070 1421; x_wconf 87' lang='lat' dir='ltr'>ma-</span> 
     </span>
     <span class='ocr_line' id='line_1_16' title="bbox 125 1446 2069 1524; baseline -0.003 -22"><span class='ocrx_word' id='word_1_132' title='bbox 125 1452 203 1524; x_wconf 76' lang='lat' dir='ltr'>gis</span> <span class='ocrx_word' id='word_1_133' title='bbox 245 1449 454 1502; x_wconf 87' lang='lat' dir='ltr'>aluntur</span> <span class='ocrx_word' id='word_1_134' title='bbox 481 1448 754 1515; x_wconf 80' lang='lat' dir='ltr'>homines,</span> <span class='ocrx_word' id='word_1_135' title='bbox 795 1462 952 1519; x_wconf 88' lang='lat' dir='ltr'>atque</span> <span class='ocrx_word' id='word_1_136' title='bbox 981 1447 1100 1503; x_wconf 88' lang='lat' dir='ltr'>inde</span> <span class='ocrx_word' id='word_1_137' title='bbox 1141 1449 1206 1500; x_wconf 89' lang='lat' dir='ltr'>ad</span> <span class='ocrx_word' id='word_1_138' title='bbox 1235 1449 1454 1501; x_wconf 88' lang='lat' dir='ltr'>Veneris</span> <span class='ocrx_word' id='word_1_139' title='bbox 1483 1467 1561 1502; x_wconf 92' lang='lat' dir='ltr'>res</span> <span class='ocrx_word' id='word_1_140' title='bbox 1589 1448 1809 1502; x_wconf 86' lang='lat' dir='ltr'>validius</span> <span class='ocrx_word' id='word_1_141' title='bbox 1836 1446 2069 1499; x_wconf 82' lang='lat' dir='ltr'>excitan-</span> 
     </span>
     <span class='ocr_line' id='line_1_17' title="bbox 124 1523 2070 1599; baseline -0.003 -19"><span class='ocrx_word' id='word_1_142' title='bbox 124 1543 241 1594; x_wconf 84' lang='lat' dir='ltr'>tur,</span> <span class='ocrx_word' id='word_1_143' title='bbox 267 1528 316 1578; x_wconf 81' lang='lat'>8&lt;</span> <span class='ocrx_word' id='word_1_144' title='bbox 348 1543 509 1598; x_wconf 78' lang='lat' dir='ltr'>genus</span> <span class='ocrx_word' id='word_1_145' title='bbox 538 1524 683 1578; x_wconf 89' lang='lat' dir='ltr'>suum</span> <span class='ocrx_word' id='word_1_146' title='bbox 714 1541 1009 1599; x_wconf 82' lang='lat' dir='ltr'>propagant</span> <span class='ocrx_word' id='word_1_147' title='bbox 1026 1542 1042 1592; x_wconf 78' lang='lat'><em>3</em></span> <span class='ocrx_word' id='word_1_148' title='bbox 1087 1526 1405 1597; x_wconf 88' lang='lat' dir='ltr'>Marinaque</span> <span class='ocrx_word' id='word_1_149' title='bbox 1435 1528 1611 1578; x_wconf 89' lang='lat' dir='ltr'>Venus</span> <span class='ocrx_word' id='word_1_150' title='bbox 1640 1544 1708 1579; x_wconf 81' lang='lat' dir='ltr'>ex</span> <span class='ocrx_word' id='word_1_151' title='bbox 1736 1525 1814 1576; x_wconf 89' lang='lat' dir='ltr'>his</span> <span class='ocrx_word' id='word_1_152' title='bbox 1841 1541 1945 1575; x_wconf 92' lang='lat' dir='ltr'>non</span> <span class='ocrx_word' id='word_1_153' title='bbox 1973 1523 2070 1575; x_wconf 85' lang='lat' dir='ltr'>im-</span> 
     </span>
     <span class='ocr_line' id='line_1_18' title="bbox 124 1602 2070 1676; baseline -0.003 -18"><span class='ocrx_word' id='word_1_154' title='bbox 124 1604 316 1658; x_wconf 88' lang='lat' dir='ltr'>merito</span> <span class='ocrx_word' id='word_1_155' title='bbox 345 1623 374 1656; x_wconf 90' lang='lat' dir='ltr'>a</span> <span class='ocrx_word' id='word_1_156' title='bbox 402 1605 572 1656; x_wconf 90' lang='lat' dir='ltr'>Poetis</span> <span class='ocrx_word' id='word_1_157' title='bbox 601 1602 805 1656; x_wconf 87' lang='lat' dir='ltr'>dicatur</span> <span class='ocrx_word' id='word_1_158' title='bbox 832 1643 844 1656; x_wconf 91' lang='lat'><strong>.</strong></span> <span class='ocrx_word' id='word_1_159' title='bbox 891 1605 1072 1676; x_wconf 77' lang='lat' dir='ltr'>Qiare</span> <span class='ocrx_word' id='word_1_160' title='bbox 1116 1622 1279 1674; x_wconf 89' lang='lat' dir='ltr'>quum</span> <span class='ocrx_word' id='word_1_161' title='bbox 1308 1603 1555 1656; x_wconf 90' lang='lat' dir='ltr'>Marinae</span> <span class='ocrx_word' id='word_1_162' title='bbox 1583 1602 1835 1655; x_wconf 84' lang='lat' dir='ltr'>Conchae</span> <span class='ocrx_word' id='word_1_163' title='bbox 1876 1617 2070 1654; x_wconf 88' lang='lat' dir='ltr'>cetera-</span> 
     </span>
     <span class='ocr_line' id='line_1_19' title="bbox 124 1680 2071 1754; baseline -0.002 -20"><span class='ocrx_word' id='word_1_164' title='bbox 124 1700 226 1754; x_wconf 90' lang='lat' dir='ltr'>que</span> <span class='ocrx_word' id='word_1_165' title='bbox 257 1680 309 1733; x_wconf 90' lang='lat' dir='ltr'>id</span> <span class='ocrx_word' id='word_1_166' title='bbox 336 1699 497 1753; x_wconf 80' lang='lat' dir='ltr'>genus</span> <span class='ocrx_word' id='word_1_167' title='bbox 526 1681 818 1735; x_wconf 86' lang='lat' dir='ltr'>animantia</span> <span class='ocrx_word' id='word_1_168' title='bbox 844 1719 861 1748; x_wconf 78' lang='lat'>,</span> <span class='ocrx_word' id='word_1_169' title='bbox 902 1695 1113 1734; x_wconf 88' lang='lat' dir='ltr'>tantum</span> <span class='ocrx_word' id='word_1_170' title='bbox 1142 1682 1409 1753; x_wconf 79' lang='lat' dir='ltr'>elegantia</span> <span class='ocrx_word' id='word_1_171' title='bbox 1437 1720 1452 1748; x_wconf 82' lang='lat'>‚</span> <span class='ocrx_word' id='word_1_172' title='bbox 1497 1680 1757 1734; x_wconf 84' lang='lat' dir='ltr'>varietate</span> <span class='ocrx_word' id='word_1_173' title='bbox 1801 1680 1850 1730; x_wconf 80' lang='lat'>8&lt;</span> <span class='ocrx_word' id='word_1_174' title='bbox 1891 1696 2071 1730; x_wconf 88' lang='lat' dir='ltr'>nume-</span> 
     </span>
     <span class='ocr_line' id='line_1_20' title="bbox 122 1755 2070 1830; baseline -0.003 -18"><span class='ocrx_word' id='word_1_175' title='bbox 122 1777 184 1812; x_wconf 87' lang='lat' dir='ltr'>ro</span> <span class='ocrx_word' id='word_1_176' title='bbox 213 1759 508 1825; x_wconf 80' lang='lat' dir='ltr'>excessant,</span> <span class='ocrx_word' id='word_1_177' title='bbox 550 1775 707 1830; x_wconf 86' lang='lat' dir='ltr'>atque</span> <span class='ocrx_word' id='word_1_178' title='bbox 749 1775 915 1830; x_wconf 74' lang='lat' dir='ltr'>quuna</span> <span class='ocrx_word' id='word_1_179' title='bbox 957 1757 1175 1811; x_wconf 57' lang='lat' dir='ltr'>totinlffi</span> <span class='ocrx_word' id='word_1_180' title='bbox 1203 1757 1405 1812; x_wconf 79' lang='lat' dir='ltr'>abunde</span> <span class='ocrx_word' id='word_1_181' title='bbox 1435 1755 1727 1830; x_wconf 82' lang='lat' dir='ltr'>praestent,</span> <span class='ocrx_word' id='word_1_182' title='bbox 1768 1756 1830 1811; x_wconf 91' lang='lat' dir='ltr'>de</span> <span class='ocrx_word' id='word_1_183' title='bbox 1873 1755 2070 1827; x_wconf 55' lang='lat' dir='ltr'>lusigb</span> 
     </span>
     <span class='ocr_line' id='line_1_21' title="bbox 123 1831 2071 1907; baseline -0.003 -18"><span class='ocrx_word' id='word_1_184' title='bbox 123 1852 211 1890; x_wconf 88' lang='lat' dir='ltr'>tur</span> <span class='ocrx_word' id='word_1_185' title='bbox 234 1838 374 1907; x_wconf 88' lang='lat' dir='ltr'>prius</span> <span class='ocrx_word' id='word_1_186' title='bbox 400 1835 546 1887; x_wconf 87' lang='lat' dir='ltr'>nobis</span> <span class='ocrx_word' id='word_1_187' title='bbox 573 1835 884 1902; x_wconf 80' lang='lat' dir='ltr'>dicendum,</span> <span class='ocrx_word' id='word_1_188' title='bbox 912 1833 1220 1906; x_wconf 87' lang='lat' dir='ltr'>praesertim</span> <span class='ocrx_word' id='word_1_189' title='bbox 1249 1854 1412 1907; x_wconf 85' lang='lat' dir='ltr'>quum</span> <span class='ocrx_word' id='word_1_190' title='bbox 1438 1836 1554 1889; x_wconf 87' lang='lat' dir='ltr'>heic</span> <span class='ocrx_word' id='word_1_191' title='bbox 1581 1834 1813 1906; x_wconf 86' lang='lat' dir='ltr'>plurima</span> <span class='ocrx_word' id='word_1_192' title='bbox 1839 1831 2071 1886; x_wconf 88' lang='lat' dir='ltr'>nondum</span> 
     </span>
     <span class='ocr_line' id='line_1_22' title="bbox 122 1910 1462 1983; baseline -0.001 -17"><span class='ocrx_word' id='word_1_193' title='bbox 122 1928 281 1967; x_wconf 87' lang='lat' dir='ltr'>antea</span> <span class='ocrx_word' id='word_1_194' title='bbox 307 1925 463 1979; x_wconf 80' lang='lat' dir='ltr'>nota,</span> <span class='ocrx_word' id='word_1_195' title='bbox 505 1929 670 1982; x_wconf 88' lang='lat' dir='ltr'>eaque</span> <span class='ocrx_word' id='word_1_196' title='bbox 697 1910 1052 1983; x_wconf 86' lang='lat' dir='ltr'>pulcherrima</span> <span class='ocrx_word' id='word_1_197' title='bbox 1079 1911 1462 1966; x_wconf 82' lang='lat' dir='ltr'>describantur.</span> 
     </span>
    </p>

    <p class='ocr_par' dir='ltr' id='par_1_3' title="bbox 122 1986 2074 3227">
     <span class='ocr_line' id='line_1_23' title="bbox 200 1986 2070 2062; baseline -0.002 -19"><span class='ocrx_word' id='word_1_198' title='bbox 200 1988 299 2044; x_wconf 88' lang='lat' dir='ltr'>Sed</span> <span class='ocrx_word' id='word_1_199' title='bbox 330 2005 618 2060; x_wconf 85' lang='lat' dir='ltr'>antequam</span> <span class='ocrx_word' id='word_1_200' title='bbox 644 1987 707 2041; x_wconf 92' lang='lat' dir='ltr'>de</span> <span class='ocrx_word' id='word_1_201' title='bbox 735 1988 815 2041; x_wconf 89' lang='lat' dir='ltr'>his</span> <span class='ocrx_word' id='word_1_202' title='bbox 841 1987 986 2056; x_wconf 78' lang='lat' dir='ltr'>dico,</span> <span class='ocrx_word' id='word_1_203' title='bbox 1019 1989 1155 2042; x_wconf 88' lang='lat' dir='ltr'>ratio</span> <span class='ocrx_word' id='word_1_204' title='bbox 1181 1987 1433 2062; x_wconf 79' lang='lat' dir='ltr'>postulat,</span> <span class='ocrx_word' id='word_1_205' title='bbox 1460 2005 1518 2043; x_wconf 88' lang='lat' dir='ltr'>ut</span> <span class='ocrx_word' id='word_1_206' title='bbox 1545 1990 1722 2062; x_wconf 86' lang='lat' dir='ltr'>paucis</span> <span class='ocrx_word' id='word_1_207' title='bbox 1750 1987 1874 2062; x_wconf 88' lang='lat' dir='ltr'>quid</span> <span class='ocrx_word' id='word_1_208' title='bbox 1902 1986 2070 2042; x_wconf 87' lang='lat' dir='ltr'>dicen—</span> 
     </span>
     <span class='ocr_line' id='line_1_24' title="bbox 126 2063 2070 2140; baseline -0.002 -18"><span class='ocrx_word' id='word_1_209' title='bbox 126 2067 253 2122; x_wconf 88' lang='lat' dir='ltr'>dum</span> <span class='ocrx_word' id='word_1_210' title='bbox 292 2066 352 2120; x_wconf 87' lang='lat' dir='ltr'>fit</span> <span class='ocrx_word' id='word_1_211' title='bbox 394 2085 691 2138; x_wconf 83' lang='lat' dir='ltr'>exponam,</span> <span class='ocrx_word' id='word_1_212' title='bbox 732 2067 782 2119; x_wconf 89' lang='lat'>&amp;</span> <span class='ocrx_word' id='word_1_213' title='bbox 808 2085 911 2139; x_wconf 90' lang='lat' dir='ltr'>quo</span> <span class='ocrx_word' id='word_1_214' title='bbox 943 2065 1124 2120; x_wconf 90' lang='lat' dir='ltr'>ordine</span> <span class='ocrx_word' id='word_1_215' title='bbox 1153 2106 1166 2120; x_wconf 86' lang='lat'><em>.</em></span> <span class='ocrx_word' id='word_1_216' title='bbox 1211 2066 1491 2120; x_wconf 87' lang='lat' dir='ltr'>Sciendum</span> <span class='ocrx_word' id='word_1_217' title='bbox 1537 2069 1699 2140; x_wconf 74' lang='lat' dir='ltr'>igitur</span> <span class='ocrx_word' id='word_1_218' title='bbox 1743 2063 2070 2139; x_wconf 86' lang='lat' dir='ltr'>Opusculum</span> 
     </span>
     <span class='ocr_line' id='line_1_25' title="bbox 124 2142 2070 2218; baseline -0.002 -19"><span class='ocrx_word' id='word_1_219' title='bbox 124 2145 224 2200; x_wconf 93' lang='lat' dir='ltr'>hoc</span> <span class='ocrx_word' id='word_1_220' title='bbox 268 2143 406 2217; x_wconf 89' lang='lat' dir='ltr'>quod</span> <span class='ocrx_word' id='word_1_221' title='bbox 447 2145 509 2199; x_wconf 84' lang='lat' dir='ltr'>de</span> <span class='ocrx_word' id='word_1_222' title='bbox 538 2143 771 2198; x_wconf 84' lang='lat' dir='ltr'>Conchis</span> <span class='ocrx_word' id='word_1_223' title='bbox 798 2146 969 2197; x_wconf 89' lang='lat' dir='ltr'>minus</span> <span class='ocrx_word' id='word_1_224' title='bbox 995 2145 1131 2197; x_wconf 88' lang='lat' dir='ltr'>notis</span> <span class='ocrx_word' id='word_1_225' title='bbox 1169 2142 1514 2217; x_wconf 79' lang='lat' dir='ltr'>inscripsimus</span> <span class='ocrx_word' id='word_1_226' title='bbox 1546 2187 1561 2212; x_wconf 84' lang='lat'><em>,</em></span> <span class='ocrx_word' id='word_1_227' title='bbox 1605 2143 1743 2218; x_wconf 90' lang='lat' dir='ltr'>quod</span> <span class='ocrx_word' id='word_1_228' title='bbox 1785 2142 2070 2211; x_wconf 83' lang='lat' dir='ltr'>Conchae,</span> 
     </span>
     <span class='ocr_line' id='line_1_26' title="bbox 124 2219 2071 2294; baseline -0.002 -19"><span class='ocrx_word' id='word_1_229' title='bbox 124 2221 209 2278; x_wconf 85' lang='lat' dir='ltr'>seu</span> <span class='ocrx_word' id='word_1_230' title='bbox 236 2221 427 2275; x_wconf 87' lang='lat' dir='ltr'>Testae</span> <span class='ocrx_word' id='word_1_231' title='bbox 455 2219 767 2294; x_wconf 86' lang='lat' dir='ltr'>praesertim</span> <span class='ocrx_word' id='word_1_232' title='bbox 793 2220 1016 2292; x_wconf 87' lang='lat' dir='ltr'>majores</span> <span class='ocrx_word' id='word_1_233' title='bbox 1044 2239 1264 2275; x_wconf 89' lang='lat' dir='ltr'>numero</span> <span class='ocrx_word' id='word_1_234' title='bbox 1292 2237 1657 2294; x_wconf 79' lang='lat' dir='ltr'>exponantur,</span> <span class='ocrx_word' id='word_1_235' title='bbox 1695 2224 1751 2274; x_wconf 89' lang='lat' dir='ltr'>in</span> <span class='ocrx_word' id='word_1_236' title='bbox 1778 2221 1971 2294; x_wconf 90' lang='lat' dir='ltr'>parteis</span> <span class='ocrx_word' id='word_1_237' title='bbox 1999 2220 2071 2273; x_wconf 90' lang='lat' dir='ltr'>di-</span> 
     </span>
     <span class='ocr_line' id='line_1_27' title="bbox 122 2297 2070 2372; baseline -0.002 -17"><span class='ocrx_word' id='word_1_238' title='bbox 122 2299 234 2355; x_wconf 86' lang='lat' dir='ltr'>vidi</span> <span class='ocrx_word' id='word_1_239' title='bbox 263 2299 387 2352; x_wconf 88' lang='lat' dir='ltr'>treis</span> <span class='ocrx_word' id='word_1_240' title='bbox 405 2338 417 2350; x_wconf 93' lang='lat'><strong>.</strong></span> <span class='ocrx_word' id='word_1_241' title='bbox 461 2302 525 2353; x_wconf 89' lang='lat' dir='ltr'>In</span> <span class='ocrx_word' id='word_1_242' title='bbox 550 2300 725 2372; x_wconf 88' lang='lat' dir='ltr'>prima</span> <span class='ocrx_word' id='word_1_243' title='bbox 751 2298 813 2352; x_wconf 86' lang='lat' dir='ltr'>de</span> <span class='ocrx_word' id='word_1_244' title='bbox 842 2297 1071 2351; x_wconf 84' lang='lat' dir='ltr'>Conchis</span> <span class='ocrx_word' id='word_1_245' title='bbox 1099 2316 1316 2371; x_wconf 81' lang='lat' dir='ltr'>agemus</span> <span class='ocrx_word' id='word_1_246' title='bbox 1355 2318 1491 2372; x_wconf 83' lang='lat' dir='ltr'>quae</span> <span class='ocrx_word' id='word_1_247' title='bbox 1521 2318 1706 2355; x_wconf 83' lang='lat' dir='ltr'>revera</span> <span class='ocrx_word' id='word_1_248' title='bbox 1737 2299 1824 2353; x_wconf 85' lang='lat' dir='ltr'>vel</span> <span class='ocrx_word' id='word_1_249' title='bbox 1857 2301 2070 2370; x_wconf 82' lang='lat' dir='ltr'>ignotae</span> 
     </span>
     <span class='ocr_line' id='line_1_28' title="bbox 124 2374 2072 2448; baseline -0.002 -18"><span class='ocrx_word' id='word_1_250' title='bbox 124 2376 293 2430; x_wconf 88' lang='lat' dir='ltr'>adhuc</span> <span class='ocrx_word' id='word_1_251' title='bbox 325 2374 636 2430; x_wconf 85' lang='lat' dir='ltr'>exstiterunt</span> <span class='ocrx_word' id='word_1_252' title='bbox 666 2415 682 2444; x_wconf 82' lang='lat'>,</span> <span class='ocrx_word' id='word_1_253' title='bbox 722 2375 808 2430; x_wconf 86' lang='lat' dir='ltr'>vel</span> <span class='ocrx_word' id='word_1_254' title='bbox 836 2377 1008 2429; x_wconf 89' lang='lat' dir='ltr'>minus</span> <span class='ocrx_word' id='word_1_255' title='bbox 1049 2392 1206 2432; x_wconf 89' lang='lat' dir='ltr'>notae</span> <span class='ocrx_word' id='word_1_256' title='bbox 1235 2375 1383 2445; x_wconf 84' lang='lat' dir='ltr'>sunt,</span> <span class='ocrx_word' id='word_1_257' title='bbox 1424 2378 1474 2429; x_wconf 81' lang='lat'>8&lt;</span> <span class='ocrx_word' id='word_1_258' title='bbox 1502 2377 1555 2430; x_wconf 90' lang='lat' dir='ltr'>in</span> <span class='ocrx_word' id='word_1_259' title='bbox 1583 2377 1727 2430; x_wconf 90' lang='lat' dir='ltr'>libris</span> <span class='ocrx_word' id='word_1_260' title='bbox 1756 2376 1935 2448; x_wconf 78' lang='lat' dir='ltr'>paffim</span> <span class='ocrx_word' id='word_1_261' title='bbox 1967 2394 2072 2428; x_wconf 91' lang='lat' dir='ltr'>non</span> 
     </span>
     <span class='ocr_line' id='line_1_29' title="bbox 128 2450 2070 2528; baseline -0.002 -20"><span class='ocrx_word' id='word_1_262' title='bbox 128 2456 490 2528; x_wconf 87' lang='lat' dir='ltr'>reperiuntur.</span> <span class='ocrx_word' id='word_1_263' title='bbox 534 2452 768 2510; x_wconf 90' lang='lat' dir='ltr'>Secunda</span> <span class='ocrx_word' id='word_1_264' title='bbox 796 2454 919 2507; x_wconf 89' lang='lat' dir='ltr'>Pars</span> <span class='ocrx_word' id='word_1_265' title='bbox 959 2453 1063 2507; x_wconf 89' lang='lat' dir='ltr'>erit</span> <span class='ocrx_word' id='word_1_266' title='bbox 1106 2450 1355 2508; x_wconf 60' lang='lat' dir='ltr'>traRatio</span> <span class='ocrx_word' id='word_1_267' title='bbox 1399 2453 1608 2510; x_wconf 83' lang='lat' dir='ltr'>brevior</span> <span class='ocrx_word' id='word_1_268' title='bbox 1649 2454 1711 2509; x_wconf 91' lang='lat' dir='ltr'>de</span> <span class='ocrx_word' id='word_1_269' title='bbox 1744 2452 2070 2522; x_wconf 80' lang='lat' dir='ltr'>Crustaceis‚</span> 
     </span>
     <span class='ocr_line' id='line_1_30' title="bbox 122 2530 2070 2604; baseline -0.001 -20"><span class='ocrx_word' id='word_1_270' title='bbox 122 2548 184 2585; x_wconf 88' lang='lat' dir='ltr'>ut</span> <span class='ocrx_word' id='word_1_271' title='bbox 211 2547 436 2599; x_wconf 83' lang='lat' dir='ltr'>vocant,</span> <span class='ocrx_word' id='word_1_272' title='bbox 477 2530 538 2584; x_wconf 91' lang='lat' dir='ltr'>de</span> <span class='ocrx_word' id='word_1_273' title='bbox 571 2531 791 2587; x_wconf 88' lang='lat' dir='ltr'>Cancris</span> <span class='ocrx_word' id='word_1_274' title='bbox 833 2530 1027 2585; x_wconf 87' lang='lat' dir='ltr'>scilicet</span> <span class='ocrx_word' id='word_1_275' title='bbox 1068 2530 1408 2604; x_wconf 85' lang='lat' dir='ltr'>quibusdam,</span> <span class='ocrx_word' id='word_1_276' title='bbox 1449 2534 1498 2585; x_wconf 79' lang='lat'>8&lt;</span> <span class='ocrx_word' id='word_1_277' title='bbox 1528 2531 1590 2586; x_wconf 91' lang='lat' dir='ltr'>de</span> <span class='ocrx_word' id='word_1_278' title='bbox 1621 2531 1793 2586; x_wconf 87' lang='lat' dir='ltr'>Stellis</span> <span class='ocrx_word' id='word_1_279' title='bbox 1824 2532 2070 2599; x_wconf 59' lang='lat' dir='ltr'>marum,</span> 
     </span>
     <span class='ocr_line' id='line_1_31' title="bbox 124 2605 2066 2682; baseline -0.001 -20"><span class='ocrx_word' id='word_1_280' title='bbox 124 2628 259 2682; x_wconf 89' lang='lat' dir='ltr'>quae</span> <span class='ocrx_word' id='word_1_281' title='bbox 291 2607 480 2662; x_wconf 88' lang='lat' dir='ltr'>eodem</span> <span class='ocrx_word' id='word_1_282' title='bbox 507 2608 663 2662; x_wconf 89' lang='lat' dir='ltr'>modo</span> <span class='ocrx_word' id='word_1_283' title='bbox 690 2609 777 2663; x_wconf 87' lang='lat' dir='ltr'>vel</span> <span class='ocrx_word' id='word_1_284' title='bbox 805 2608 989 2682; x_wconf 80' lang='lat' dir='ltr'>ignota</span> <span class='ocrx_word' id='word_1_285' title='bbox 1013 2605 1130 2662; x_wconf 90' lang='lat' dir='ltr'>sunt</span> <span class='ocrx_word' id='word_1_286' title='bbox 1157 2648 1173 2677; x_wconf 83' lang='lat'>‚</span> <span class='ocrx_word' id='word_1_287' title='bbox 1214 2610 1300 2664; x_wconf 87' lang='lat' dir='ltr'>vel</span> <span class='ocrx_word' id='word_1_288' title='bbox 1329 2628 1432 2663; x_wconf 90' lang='lat' dir='ltr'>non</span> <span class='ocrx_word' id='word_1_289' title='bbox 1461 2608 1580 2663; x_wconf 88' lang='lat' dir='ltr'>satis</span> <span class='ocrx_word' id='word_1_290' title='bbox 1610 2610 1740 2665; x_wconf 88' lang='lat' dir='ltr'>bene</span> <span class='ocrx_word' id='word_1_291' title='bbox 1770 2607 2027 2681; x_wconf 82' lang='lat' dir='ltr'>descripta</span> <span class='ocrx_word' id='word_1_292' title='bbox 2054 2648 2066 2661; x_wconf 88' lang='lat'><em>.</em></span> 
     </span>
     <span class='ocr_line' id='line_1_32' title="bbox 125 2685 2070 2760; baseline 0.001 -21"><span class='ocrx_word' id='word_1_293' title='bbox 125 2689 208 2739; x_wconf 88' lang='lat' dir='ltr'>Ac</span> <span class='ocrx_word' id='word_1_294' title='bbox 235 2685 459 2757; x_wconf 88' lang='lat' dir='ltr'>denique</span> <span class='ocrx_word' id='word_1_295' title='bbox 488 2687 648 2740; x_wconf 88' lang='lat' dir='ltr'>tertio</span> <span class='ocrx_word' id='word_1_296' title='bbox 680 2686 794 2740; x_wconf 91' lang='lat' dir='ltr'>loco</span> <span class='ocrx_word' id='word_1_297' title='bbox 823 2704 1037 2760; x_wconf 82' lang='lat' dir='ltr'>agemus</span> <span class='ocrx_word' id='word_1_298' title='bbox 1066 2686 1360 2741; x_wconf 79' lang='lat' dir='ltr'>brevissime</span> <span class='ocrx_word' id='word_1_299' title='bbox 1398 2687 1461 2741; x_wconf 88' lang='lat' dir='ltr'>de</span> <span class='ocrx_word' id='word_1_300' title='bbox 1490 2685 1795 2760; x_wconf 87' lang='lat' dir='ltr'>quibusdam</span> <span class='ocrx_word' id='word_1_301' title='bbox 1825 2687 2070 2758; x_wconf 86' lang='lat' dir='ltr'>Corpori-</span> 
     </span>
     <span class='ocr_line' id='line_1_33' title="bbox 126 2763 2071 2838; baseline -0.001 -22"><span class='ocrx_word' id='word_1_302' title='bbox 126 2765 219 2817; x_wconf 86' lang='lat' dir='ltr'>bus</span> <span class='ocrx_word' id='word_1_303' title='bbox 250 2764 465 2817; x_wconf 88' lang='lat' dir='ltr'>marinis</span> <span class='ocrx_word' id='word_1_304' title='bbox 495 2763 634 2817; x_wconf 89' lang='lat' dir='ltr'>duris</span> <span class='ocrx_word' id='word_1_305' title='bbox 661 2763 874 2836; x_wconf 87' lang='lat' dir='ltr'>quidem</span> <span class='ocrx_word' id='word_1_306' title='bbox 916 2766 966 2817; x_wconf 79' lang='lat'>8&lt;</span> <span class='ocrx_word' id='word_1_307' title='bbox 994 2764 1214 2820; x_wconf 80' lang='lat' dir='ltr'>carnosis</span> <span class='ocrx_word' id='word_1_308' title='bbox 1240 2804 1257 2833; x_wconf 81' lang='lat'>‚</span> <span class='ocrx_word' id='word_1_309' title='bbox 1298 2763 1384 2819; x_wconf 88' lang='lat' dir='ltr'>sed</span> <span class='ocrx_word' id='word_1_310' title='bbox 1424 2784 1556 2838; x_wconf 88' lang='lat' dir='ltr'>quae</span> <span class='ocrx_word' id='word_1_311' title='bbox 1601 2765 1665 2820; x_wconf 89' lang='lat' dir='ltr'>ad</span> <span class='ocrx_word' id='word_1_312' title='bbox 1694 2763 1980 2830; x_wconf 85' lang='lat' dir='ltr'>Testacea,</span> <span class='ocrx_word' id='word_1_313' title='bbox 2022 2764 2071 2815; x_wconf 67' lang='grc' dir='ltr'>ὃς</span> 
     </span>
     <span class='ocr_line' id='line_1_34' title="bbox 126 2839 2073 2914; baseline -0.002 -19"><span class='ocrx_word' id='word_1_314' title='bbox 126 2839 410 2896; x_wconf 89' lang='lat' dir='ltr'>Crustacea</span> <span class='ocrx_word' id='word_1_315' title='bbox 436 2881 451 2910; x_wconf 85' lang='lat'>‚</span> <span class='ocrx_word' id='word_1_316' title='bbox 493 2840 580 2896; x_wconf 87' lang='lat' dir='ltr'>seu</span> <span class='ocrx_word' id='word_1_317' title='bbox 608 2841 672 2895; x_wconf 85' lang='lat' dir='ltr'>ad</span> <span class='ocrx_word' id='word_1_318' title='bbox 704 2841 1193 2910; x_wconf 84' lang='lat' dir='ltr'>Ostracodermata‚</span> <span class='ocrx_word' id='word_1_319' title='bbox 1235 2856 1292 2895; x_wconf 92' lang='lat' dir='ltr'>ut</span> <span class='ocrx_word' id='word_1_320' title='bbox 1323 2844 1510 2898; x_wconf 88' lang='lat' dir='ltr'>Graeci</span> <span class='ocrx_word' id='word_1_321' title='bbox 1539 2842 1714 2914; x_wconf 80' lang='lat' dir='ltr'>ajunt,</span> <span class='ocrx_word' id='word_1_322' title='bbox 1756 2841 1939 2896; x_wconf 88' lang='lat' dir='ltr'>referri</span> <span class='ocrx_word' id='word_1_323' title='bbox 1969 2859 2073 2892; x_wconf 91' lang='lat' dir='ltr'>non</span> 
     </span>
     <span class='ocr_line' id='line_1_35' title="bbox 125 2917 2074 2992; baseline 0 -21"><span class='ocrx_word' id='word_1_324' title='bbox 125 2919 362 2991; x_wconf 76' lang='lat' dir='ltr'>possunt,</span> <span class='ocrx_word' id='word_1_325' title='bbox 403 2920 680 2992; x_wconf 89' lang='lat' dir='ltr'>minusque</span> <span class='ocrx_word' id='word_1_326' title='bbox 709 2936 830 2992; x_wconf 87' lang='lat' dir='ltr'>apte</span> <span class='ocrx_word' id='word_1_327' title='bbox 874 2921 927 2973; x_wconf 93' lang='lat' dir='ltr'>in</span> <span class='ocrx_word' id='word_1_328' title='bbox 953 2920 1099 2972; x_wconf 86' lang='lat' dir='ltr'>libris</span> <span class='ocrx_word' id='word_1_329' title='bbox 1126 2917 1381 2991; x_wconf 86' lang='lat' dir='ltr'>descripta</span> <span class='ocrx_word' id='word_1_330' title='bbox 1408 2919 1553 2972; x_wconf 86' lang='lat' dir='ltr'>sunt.</span> <span class='ocrx_word' id='word_1_331' title='bbox 1599 2922 1705 2973; x_wconf 88' lang='lat' dir='ltr'>Res</span> <span class='ocrx_word' id='word_1_332' title='bbox 1731 2937 1910 2972; x_wconf 84' lang='lat' dir='ltr'>omnes</span> <span class='ocrx_word' id='word_1_333' title='bbox 1939 2936 2074 2989; x_wconf 87' lang='lat' dir='ltr'>quae</span> 
     </span>
     <span class='ocr_line' id='line_1_36' title="bbox 127 2994 2072 3070; baseline -0.001 -22"><span class='ocrx_word' id='word_1_334' title='bbox 127 2997 244 3050; x_wconf 89' lang='lat' dir='ltr'>heic</span> <span class='ocrx_word' id='word_1_335' title='bbox 274 3013 613 3070; x_wconf 84' lang='lat' dir='ltr'>exponuntur</span> <span class='ocrx_word' id='word_1_336' title='bbox 637 2997 856 3051; x_wconf 88' lang='lat' dir='ltr'>Littoris</span> <span class='ocrx_word' id='word_1_337' title='bbox 877 2998 1108 3050; x_wconf 88' lang='lat' dir='ltr'>&amp;Maris</span> <span class='ocrx_word' id='word_1_338' title='bbox 1124 2997 1360 3049; x_wconf 89' lang='lat' dir='ltr'>Arimini</span> <span class='ocrx_word' id='word_1_339' title='bbox 1387 2997 1677 3070; x_wconf 82' lang='lat' dir='ltr'>peculiares</span> <span class='ocrx_word' id='word_1_340' title='bbox 1705 2994 1853 3063; x_wconf 77' lang='lat' dir='ltr'>sunt3</span> <span class='ocrx_word' id='word_1_341' title='bbox 1888 2995 2072 3067; x_wconf 88' lang='lat' dir='ltr'>quibus</span> 
     </span>
     <span class='ocr_line' id='line_1_37' title="bbox 124 3073 2071 3148; baseline 0 -22"><span class='ocrx_word' id='word_1_342' title='bbox 124 3073 441 3146; x_wconf 87' lang='lat' dir='ltr'>plerumque</span> <span class='ocrx_word' id='word_1_343' title='bbox 471 3075 661 3148; x_wconf 78' lang='lat' dir='ltr'>figuras</span> <span class='ocrx_word' id='word_1_344' title='bbox 695 3093 814 3130; x_wconf 90' lang='lat' dir='ltr'>aere</span> <span class='ocrx_word' id='word_1_345' title='bbox 857 3073 1038 3128; x_wconf 90' lang='lat' dir='ltr'>incisas</span> <span class='ocrx_word' id='word_1_346' title='bbox 1080 3073 1400 3128; x_wconf 81' lang='lat' dir='ltr'>addidimus,</span> <span class='ocrx_word' id='word_1_347' title='bbox 1445 3076 1621 3128; x_wconf 87' lang='lat' dir='ltr'>Primo</span> <span class='ocrx_word' id='word_1_348' title='bbox 1649 3074 1763 3126; x_wconf 90' lang='lat' dir='ltr'>loco</span> <span class='ocrx_word' id='word_1_349' title='bbox 1794 3073 1956 3145; x_wconf 77' lang='lat' dir='ltr'>igitur</span> <span class='ocrx_word' id='word_1_350' title='bbox 1983 3091 2071 3126; x_wconf 77' lang='lat' dir='ltr'>ex-</span> 
     </span>
     <span class='ocr_line' id='line_1_38' title="bbox 126 3150 2070 3227; baseline -0.001 -25"><span class='ocrx_word' id='word_1_351' title='bbox 126 3170 377 3222; x_wconf 86' lang='lat' dir='ltr'>ponemus</span> <span class='ocrx_word' id='word_1_352' title='bbox 406 3150 637 3224; x_wconf 80' lang='lat' dir='ltr'>semper,</span> <span class='ocrx_word' id='word_1_353' title='bbox 667 3151 915 3227; x_wconf 89' lang='lat' dir='ltr'>quicquid</span> <span class='ocrx_word' id='word_1_354' title='bbox 942 3171 1061 3207; x_wconf 87' lang='lat' dir='ltr'>aere</span> <span class='ocrx_word' id='word_1_355' title='bbox 1089 3150 1338 3208; x_wconf 86' lang='lat' dir='ltr'>excusum</span> <span class='ocrx_word' id='word_1_356' title='bbox 1365 3150 1469 3218; x_wconf 85' lang='lat' dir='ltr'>est;</span> <span class='ocrx_word' id='word_1_357' title='bbox 1500 3150 1687 3205; x_wconf 84' lang='lat' dir='ltr'>deinde</span> <span class='ocrx_word' id='word_1_358' title='bbox 1717 3150 1967 3206; x_wconf 86' lang='lat' dir='ltr'>addemus</span> <span class='ocrx_word' id='word_1_359' title='bbox 1996 3150 2070 3202; x_wconf 90' lang='lat' dir='ltr'>in-</span> 
     </span>
    </p>
   </div>
   <div class='ocr_carea' id='block_1_3' title="bbox 133 3227 2070 3378">
    <p class='ocr_par' dir='ltr' id='par_1_4' title="bbox 133 3227 2070 3378">
     <span class='ocr_line' id='line_1_39' title="bbox 133 3227 2070 3306; baseline 0.002 -26"><span class='ocrx_word' id='word_1_360' title='bbox 133 3228 337 3284; x_wconf 80' lang='lat' dir='ltr'>terdum</span> <span class='ocrx_word' id='word_1_361' title='bbox 380 3231 677 3306; x_wconf 85' lang='lat' dir='ltr'>appendicis</span> <span class='ocrx_word' id='word_1_362' title='bbox 716 3232 829 3286; x_wconf 87' lang='lat' dir='ltr'>loco</span> <span class='ocrx_word' id='word_1_363' title='bbox 872 3229 1083 3306; x_wconf 86' lang='lat' dir='ltr'>aliquod</span> <span class='ocrx_word' id='word_1_364' title='bbox 1124 3229 1211 3287; x_wconf 84' lang='lat' dir='ltr'>vel</span> <span class='ocrx_word' id='word_1_365' title='bbox 1252 3230 1518 3285; x_wconf 82' lang='lat' dir='ltr'>marinum</span> <span class='ocrx_word' id='word_1_366' title='bbox 1559 3269 1576 3299; x_wconf 81' lang='grc'>,</span> <span class='ocrx_word' id='word_1_367' title='bbox 1617 3229 1704 3287; x_wconf 90' lang='lat' dir='ltr'>vel</span> <span class='ocrx_word' id='word_1_368' title='bbox 1730 3227 1890 3284; x_wconf 85' lang='lat' dir='ltr'>foffile</span> <span class='ocrx_word' id='word_1_369' title='bbox 1933 3227 2070 3299; x_wconf 83' lang='lat' dir='ltr'>quod</span> 
     </span>
     <span class='ocr_line' id='line_1_40' title="bbox 1804 3322 1988 3378; baseline -0.016 -19"><span class='ocrx_word' id='word_1_370' title='bbox 1804 3322 1988 3378; x_wconf 73' lang='lat' dir='ltr'>conge-</span> 
     </span>
    </p>
   </div>
  </div>
 </body>
</html>
