2643 4060
665 263 759 345 '45
986 253 2077 333 >DEC0'NCH13'

564 414 669 481 'que
695 404 1001 478 contingere
1034 401 1311 459 observavi
1355 418 1469 457 tum
1495 404 1550 459 in
1576 407 1749 479 prima
1776 406 1869 462 illa
1896 447 1910 476 ‚
1953 425 2086 481 quae
2129 405 2387 480 longiores
2429 410 2518 465 hal

570 486 661 538 bet
688 483 892 550 radios,
935 498 1047 535 tum
1089 483 1145 535 in
1186 484 1348 536 tertia
1377 482 1554 536 latiori
1595 504 1806 558 corpore
1834 526 1850 554 ,
1895 484 1981 539 sed
2012 486 2334 540 brevioribus
2360 491 2516 540 cruri-

570 561 664 614 bus
689 600 702 613 .
747 562 907 615 Circa
934 558 1209 614 secundam
1236 558 1634 616 Cruciformem
1653 602 1669 632 ,
1710 582 1843 635 quae
1873 562 1991 617 heic
2022 563 2110 616 sub
2138 563 2317 618 littera
2347 565 2388 616 B
2429 583 2518 619 ex-

567 638 814 707 hibetur,
856 637 1073 710 majores
1115 636 1502 693 observationes
1545 658 1648 694 non
1676 640 1878 709 habe0‚
1921 660 2086 715 quum
2117 641 2264 713 hujus
2305 643 2517 696 unicum

571 731 785 771 tantum
813 716 1123 788 exemplum
1155 717 1378 771 viderim
1397 757 1413 785 ,
1442 717 1657 790 proinde
1689 718 1900 791 aliquod
1929 720 2231 774 abortivum
2262 720 2518 788 arbitror,

546 795 629 848 ·ni
671 793 821 867 plura
863 794 1156 865 hujusmodi
1201 794 1447 868 exempla
1488 797 1635 850 nobis
1678 796 1924 870 deinceps
1961 813 2239 854 occurrant
2266 837 2280 850 .
2324 796 2519 851 Stellae

572 872 790 944 quidem
816 872 1175 926 Cruciformes
1217 893 1337 927 cum
1364 874 1685 947 longioribus
1713 876 1968 929 Cruribus
2009 896 2038 931 a
2079 876 2291 930 nemine
2335 870 2520 931 deseri*
2573 889 2579 894 '
2634 850 2643 867 ⁴

572 950 770 1004 buntur
787 967 802 1019 3
845 948 1226 1004 Describuntur
1254 971 1383 1005 vero
1412 951 1584 1020 latae,
1623 952 1955 1025 falcataeque
1975 993 1990 1021 ,
2017 954 2067 1006 8<
2094 956 2362 1008 coriaceae
2389 950 2519 1005 Stel-

574 1028 690 1098 lae,
715 1046 840 1100 quas
867 1025 1202 1083 Tetraffidas
1232 1044 1456 1097 vocant,
1482 1029 1733 1101 quoniam
1762 1031 2026 1084 interdum
2056 1030 2343 1102 quadratae
2373 1027 2518 1098 sunt,

577 1122 636 1160 ut
663 1108 840 1161 videre
870 1104 941 1159 est
971 1105 1106 1178 apud
1136 1107 1436 1160 LineKium
1479 1107 1617 1160 Tab.
1651 1109 1845 1160 XXXI.
1890 1109 1939 1159 8<
1966 1110 2248 1161 XXXtIH.
2294 1105 2392 1160 Sed
2432 1105 2521 1161 ha-

577 1203 697 1239 rum
724 1181 1096 1239 Tetraffidum
1127 1184 1411 1237 Stellarum
1453 1183 1700 1257 exempla
1741 1184 1876 1257 apud
1917 1204 2009 1238 nos
2051 1203 2152 1238 non
2195 1183 2476 1257 suppetunt
2504 1224 2518 1239 .

578 1265 644 1316 In
671 1264 876 1316 Littore
901 1263 1196 1316 'Ravennae
1236 1278 1419 1316 tamen
1448 1263 1731 1317 Coriaceae
1761 1263 1954 1317 Stellae
1981 1264 2313 1336 Pentagonae
2341 1262 2392 1314 8<
2414 1264 2521 1316 Te-

579 1338 825 1395 traffides
854 1341 1081 1409 coccinei
1109 1340 1294 1398 coloris
1336 1341 1672 1412 reperiuntur
1699 1381 1714 1408 ‚
1757 1359 1978 1414 quarum
2010 1342 2256 1413 exempla
2296 1357 2390 1410 pro
2431 1337 2519 1398 sua

578 1417 912 1489 humanitate
942 1417 1006 1473 ad
1032 1436 1119 1472 me
1149 1418 1290 1472 misit
1318 1419 1416 1472 Vir
1442 1418 1811 1472 Nobilissimus
1838 1417 2086 1491 Josephus
2116 1416 2427 1476 Zinannius„

2216 3434 2431 3493 PARS
