2643 4060
663 312 755 392 50
1074 285 1988 363 PRAEFATIO.

561 439 612 491 8<
639 436 907 492 turbatum
940 433 1221 508 diligenter
1247 434 1303 488 in
1332 433 1654 490 Adversaria
1682 433 1880 504 nostra,
1922 433 2011 491 seu
2025 433 2409 509 Ephemerides
2432 437 2516 494 're-

559 515 884 569 ferebamuS.
929 516 1110 589 Quare
1136 532 1206 566 ex
1236 512 1317 565 his
1343 512 1585 567 omnibus
1626 514 1660 567 fi
1692 533 1795 568 non
1825 512 2066 568 universa
2109 514 2299 586 plane,
2340 515 2389 568 8<
2417 516 2514 568 mi-

562 610 693 647 nuta
721 593 892 646 Maris
921 607 1114 653 eventa
1142 590 1538 664 indagavimuS,
1565 592 2000 669 praestantissima
2027 607 2168 653 certe
2197 594 2246 646 8<
2271 593 2515 649 maxima

562 671 935 744 cognovimUS,
963 690 1030 724 ex
1055 669 1238 744 quibus
1266 668 1558 743 sequenteis
1585 671 1964 744 Propofitiones
1992 689 2348 744 exponemuS,
2375 688 2512 744 quae

560 767 667 802 non
695 769 764 803 ex
790 748 1069 821 hypothefi
1097 750 1304 821 aliqua,
1341 747 1426 804 sed
1455 769 1522 804 ex
1552 751 1709 806 meris
1737 747 2210 805 observationibus
2242 766 2397 811 erunt
2427 748 2515 803 de-

562 825 782 893 ductam
825 827 991 900 quue
1019 828 1317 900 probabunt
1346 846 1528 882 omnes
1569 830 1660 902 qui
1687 827 1928 901 sapiunt,
1969 828 2019 880 8<
2041 827 2248 885 fortaffe
2275 825 2514 889 observa-

564 906 735 959 tiones
761 904 861 958 hae
892 905 1239 977 perpauculae
1267 906 1449 968 multis
1477 907 1825 962 incitamento
1854 920 2042 975 erunt,
2073 922 2130 959 ut
2159 905 2383 977 majores
2408 904 2515 978 ple·-

562 983 838 1056 nioresque
867 981 1171 1050 instituant,
1213 998 1271 1036 ut
1298 983 1541 1038 tamdem
1569 984 1850 1058 aliquando
1878 983 2104 1055 systema
2133 982 2345 1057 aliquod
2373 981 2516 1037 abso-

559 1061 733 1115 lutum
763 1080 833 1122 ex
862 1061 999 1125 veris
1014 1060 1190 1125 caustis
1220 1061 1614 1134 rationibusque
1643 1059 1924 1122 dedufflum
1953 1061 2258 1121 conficiatur
2273 1078 2289 1131 ,·
2319 1060 2393 1117 sin
2419 1061 2516 1116 mi-

558 1157 684 1208 nuS,
706 1137 944 1205 ,Historia
970 1156 1150 1196 tamen
1176 1139 1324 1210 hujus
1351 1140 1605 1213 praeclari
1631 1140 1992 1195 Phaenomeni
2025 1141 2259 1193 multum
2289 1137 2515 1212 amplifi-

564 1217 803 1286 cabitur,
844 1237 978 1290 quae
1007 1216 1219 1290 quidem
1247 1216 1509 1291 hucusque
1552 1237 1741 1273 manca
1782 1218 2063 1274 admodum
2094 1218 2195 1272 fuit
2221 1257 2239 1286 ,
2279 1219 2328 1271 8<
2356 1214 2515 1272 muti-

558 1294 644 1362 la,
683 1312 742 1360 ut
770 1296 1065 1360 videbimus
1092 1335 1103 1348 .
1148 1297 1268 1352 Mei
1290 1296 1498 1365 fortasse
1526 1316 1631 1351 non
1658 1313 1805 1365 erat,
1847 1316 2020 1371 neque
2049 1297 2266 1360 alterius
2308 1294 2513 1350 Privati

560 1375 815 1440 Hominis
841 1392 959 1427 rem
986 1390 1192 1440 tantam
1222 1375 1468 1448 aggredi,
1505 1374 1590 1431 sed
1618 1377 1942 1443 multorum,
1971 1392 2129 1447 atque
2159 1375 2376 1446 alicujus
2402 1392 2514 1428 ma-

558 1451 651 1524 gni
667 1452 921 1523 Principis
949 1452 1148 1513 auxilio
1169 1453 1473 1524 indigebat.
1504 1453 1973 1508 AcademiciGalli
2000 1452 2221 1524 quidem
2249 1471 2368 1508 eam
2397 1468 2516 1507 rem

557 1546 683 1585 aere
712 1524 920 1602 publ-sico
959 1530 1014 1584 in
1037 1528 1300 1601 ,aliquibus
1328 1529 1582 1583 Portubus
1610 1531 1816 1585 Oceani
1842 1545 2116 1585 tentarunt
2146 1545 2164 1597 ‚·
2208 1532 2414 1583 Verum
2454 1528 2514 1584 hi

557 1606 946 1678 conquifierunt
973 1603 1297 1679 potissimum
1336 1626 1440 1679 qua
1467 1607 1596 1673 hora
1622 1606 1994 1675 intumesceret
2026 1625 2172 1661 mare
2214 1609 2269 1669 in
2297 1607 2512 1680 singulis

557 1685 845 1759 PortubuS,
864 1702 1027 1759 *atque
1056 1684 1440 1757 Ephemerides
1467 1686 1722 1760 quasdam
1748 1685 2121 1754 confecerunt,
2149 1685 2334 1757 quibus
2363 1687 2511 1742 Nau-

556 1776 642 1816 tae
672 1761 815 1830 statis
838 1762 1165 1836 temporibus
1192 1762 1320 1818 scire
1347 1763 1551 1837 poffent
1592 1784 1714 1819 cum
1753 1765 1999 1829 Navibus
2027 1762 2126 1817 suis
2166 1765 2352 1817 Portus
2391 1763 2511 1824 illos

555 1840 833 1896 commode
876 1861 1062 1915 capere
1091 1882 1103 1895 .
1149 1844 1329 1913 Quare
1373 1843 1534 1898 bonos
1574 1843 1692 1897 illos
1732 1844 1911 1897 Gallos
1952 1859 2173 1916 apparet
2216 1843 2510 1903 utilitatem

553 1919 844 1990 quamdam
872 1921 1247 1988 mercatoriam
1274 1937 1396 1977 ante
1425 1921 1599 1988 oculos
1624 1921 1854 1990 habuisse
1881 1962 1898 1991 ,
1935 1922 1990 1984 δε
2017 1920 2264 1983 lucellum
2293 1936 2507 1974 tantum

553 1995 648 2060 sibi
675 1996 1018 2068 proposuisse,
1058 2015 1341 2068 ceteraque
1364 2019 1499 2072 pene
1527 2000 1815 2069 *neglexisse
1833 2037 1847 2050 .
1891 1998 1992 2060 Sed
2018 1999 2186 2071 majus
2212 1997 2425 2072 aliquod
2451 1997 2514 2052 in

555 2072 657 2125 hac
683 2092 738 2138 *re
767 2070 868 2141 est,
914 2072 1053 2145 quod.
1093 2072 1186 2139 fibi
1213 2072 1684 2146 contemplandum
1720 2091 2019 2160 proponant
2049 2075 2256 2147 Phyfici
2285 2077 2310 2144 ,⁶
2344 2091 2513 2150 quam

554 2149 804 2223 ingreffus
830 2151 1077 2218 Navium
1105 2152 1160 2203 in
1191 2151 1406 2219 Portus,
1447 2151 1659 2225 vileque
1689 2151 2080 2209 raudusculum.
2127 2153 2332 2231 QibUS
2359 2156 2508 2216 enim

555 2229 725 2281 modis
763 2230 815 2291 ⁴&
842 2248 946 2301 qua
972 2230 1177 2284 ratione
1220 2231 1452 2297 Terram
1482 2232 1693 2303 ²quatiat
1717 2232 2003 2303 Neptunus
2035 2272 2051 2301 ,
2092 2249 2319 2305 eamque
2347 2233 2512 2294 conti-

554 2323 711 2374 neat,
753 2325 811 2361 ut
853 2309 928 2361 ait
971 2309 1240 2362 Homerus
1267 2346 1283 2375 ,
1323 2307 1731 2381 inquirendum,
1769 2309 1927 2382 idque
1958 2309 2125 2365 modis
2151 2311 2299 2373 miris
2326 2311 2511 2375 variis-

557 2403 658 2455 que
687 2384 800 2439 fieri
828 2385 963 2457 posse
992 2385 1318 2441 videbimus·
1365 2390 1546 2464 Qare
1575 2405 1819 2461 rogamus
1844 2389 2058 2456 Gallos,
2088 2403 2146 2453 ut
2172 2390 2365 2456 iterum
2395 2388 2510 2449 suas

554 2460 944 2530 oblervationes
970 2464 1259 2532 accuratius
1289 2481 1536 2537 repetant
1563 2505 1578 2533 ,
1620 2484 1866 2539 rogamus
1907 2468 2219 2536 BritannOS,
2261 2470 2508 2528 Batavos-

551 2558 687 2613 que,
715 2542 804 2613 qui
831 2540 987 2597 hodie
1014 2559 1231 2614 propter
1256 2544 1430 2609 varias
1459 2544 1687 2604 colonias
1715 2544 1771 2596 in
1798 2543 1981 2613 India,
2022 2544 2238 2613 Africa,
2265 2545 2314 2598 8<
2342 2547 2510 2599 Ame—

552 2618 694 2685 rica,
733 2619 784 2682 8(
811 2634 1026 2692 propter
1054 2621 1158 2673 Rei
1187 2621 1417 2685 Navalis
1443 2621 1825 2687 excellentiam
1853 2622 2140 2695 imperium
2169 2624 2340 2678 Maris
2381 2641 2509 2697 quo-

552 2694 837 2752 dammodo
865 2714 1047 2759 tenere
1083 2697 1330 2762 videntur
1357 2738 1373 2767 ,
1415 2717 1658 2773 rogamus
1698 2699 1923 2774 denique
1964 2701 2233 2757 Sarmatas
2260 2703 2376 2756 illos
2416 2705 2507 2756 flo-

554 2775 867 2829 rentissimos
907 2778 997 2851 qui
1026 2775 1182 2843 modo
1210 2778 1444 2849 Opibus,
1484 2779 1706 2847 ArmiS,
1745 2780 1966 2844 Litteris
1998 2779 2130 2835 nulli
2174 2782 2289 2843 lunt
2331 2778 2507 2840 secun-

551 2850 634 2920 di,
662 2854 858 2927 quique
884 2854 988 2909 non
1018 2871 1227 2910 tantum
1256 2875 1350 2940 per
1374 2856 1652 2930 glacialem
1682 2859 1958 2919 Oceanum
1977 2899 1993 2928 ,
2021 2875 2078 2920 ut
2105 2858 2268 2928 olim,
2296 2857 2380 2914 sed
2408 2876 2507 2932 per

549 2931 869 3001 Hyrcanum
900 2973 916 3003 ,
957 2952 1055 3007 per
1094 2934 1406 3002 Balticum,
1443 2954 1539 3009 per
1564 2935 1798 3004 Album,
1837 2955 1931 3010 per
1958 2938 2194 3012 Nigrum
2221 2932 2367 3005 ,seu
2407 2954 2506 3010 per

548 3009 826 3065 Euxinum
852 3050 868 3079 ,
909 3013 1348 3087 Maeotidemque
1377 3013 1630 3077 Paludem
1656 3014 1810 3089 longe
1837 3015 2047 3088 lateque
2088 3016 2357 3087 imperant
2384 3053 2400 3082 ,
2441 3029 2502 3068 ut

551 3083 850 3157 symbolam
866 3088 1010 3157 suam
1037 3092 1136 3147 hac
1163 3092 1216 3145 in
1234 3111 1287 3147 re
1317 3091 1620 3160 conferant,
1652 3109 1811 3167 atque
1838 3112 1932 3167 per
1961 3090 2202 3153 universa
2217 3094 2399 3147 Maria
2428 3093 2502 3147 Si-

553 3181 751 3239 nusque
781 3168 893 3224 suos
933 3168 1162 3236 eruditos
1186 3170 1428 3235 homines
1466 3172 1732 3241 mittant,
1771 3172 1862 3245 qui
1903 3173 2076 3226 varios
2103 3170 2268 3229 aestus
2311 3187 2501 3242 cogno-

551 3238 695 3297 scant
720 3284 736 3311 ,
777 3248 1026 3321 nobisque
1055 3249 1289 3314 referant
1315 3289 1328 3303 .
1374 3251 1494 3312 Hoc
1520 3250 1664 3304 enim
1706 3251 1992 3324 quicquam
2016 3249 2337 3324 praeclarius
2380 3247 2497 3305 fieri

547 3320 686 3392 poffe
730 3324 782 3374 in
810 3324 1027 3395 Physica
1068 3347 1225 3383 nemo
1253 3327 1469 3401 negabit
1495 3367 1507 3381 .
1554 3331 1736 3406 Qum
1779 3329 1924 3382 omni
1951 3346 2085 3383 aevo
2124 3327 2308 3384 Aestus
2336 3328 2493 3381 mari-

545 3413 643 3463 nus
668 3417 985 3476 magnorum
1011 3408 1312 3463 Hominum
1336 3406 1549 3481 ingenia
1578 3407 1897 3465 excitaverit
1921 3447 1940 3480 ,
1978 3422 2137 3484 atque
2178 3426 2275 3483 pro
2304 3426 2368 3462 eo
2409 3424 2489 3460 co-

2283 3502 2408 3559 gno-
