2643 4060
621 286 713 344 44
990 246 2056 335 DECoNCHIs*

520 407 576 458 ni
601 406 861 460 foramine
890 403 1111 458 rotundo
1153 402 1252 456 sint
1286 400 1497 456 donati.
1542 402 1655 456 Alii
1684 421 1808 458 vero
1848 418 1945 473 pro
1989 402 2248 475 Spongiae
2291 401 2470 474 specie

520 483 717 536 habent
744 498 959 554 propter
985 481 1212 555 figuram
1253 481 1300 532 3<
1334 480 1614 534 levitatem
1640 521 1653 534 .
1699 481 1843 534 Huic
1872 478 2167 550 Alcyoni0‚
2210 494 2267 532 ut
2293 478 2460 533 obser-

522 561 671 613 vavit
696 557 944 632 Josephus
960 558 1274 626 ZinanniUS‚
1296 557 1517 612 haerent
1546 560 1726 612 Nuces
1754 558 1876 612 illae
1906 558 2141 610 marinae
2163 556 2362 610 nostrae
2388 555 2460 608 la-

522 652 577 689 ta
606 637 768 689 Testa
809 638 859 689 8<
885 636 1166 691 convoluta
1193 675 1210 704 ,
1251 651 1310 689 ut
1338 635 1569 689 diximus
1612 634 1712 710 (a)
1740 677 1753 690 .
1798 638 2079 706 Propterea
2122 636 2300 689 Nuces
2341 632 2479 686 illas”

520 715 620 767 Vir
646 714 970 768 Clarissimus
1013 713 1303 768 Hirudines
1345 713 1576 767 marinas
1618 714 1840 768 vocabat
1873 753 1884 765 .
1930 711 2163 767 Secundo
2204 712 2321 765 loco
2360 709 2462 763 fre-

488 814 491 817 >
521 810 685 864 quens
711 789 845 844 subit
874 789 1197 846 Piscatorum
1224 792 1359 846 retia
1401 791 1724 862 Alcyonium
1753 791 1940 845 durum
1969 831 1984 859 ‚
2027 808 2283 864 magnum
2301 828 2317 857 ‚
2359 805 2463 841 tor-

519 869 676 924 tuosis
702 866 1040 924 amfractibus
1067 885 1419 936 excavatum,
1462 869 1602 941 quod
1642 867 1798 922 nostri
1833 869 2109 922 Turbante
2148 883 2366 940 propter
2406 864 2480 918 si---

521 945 879 1004 militudinem
910 946 1197 1019 quamdam
1224 966 1345 1001 cum
1372 949 1674 1000 Turcarum
1702 948 1869 999 Tiara
1896 945 2164 1019 appellant
2188 985 2199 997 .
2245 946 2375 996 Hoc·
2397 960 2464 995 an

521 1023 648 1079 satis
676 1025 809 1078 bene
840 1023 1157 1097 descriptum
1182 1025 1243 1077 fit
1278 1025 1352 1090 ab
1393 1021 1710 1076 Auctoribus
1737 1025 1996 1077 Botanicis
2040 1021 2193 1075 valde
2235 1013 2416 1074 dub-ito
2449 1058 2463 1073 .

524 1103 614 1156 Ad
641 1120 893 1175 magnam
918 1103 1116 1156 molem
1144 1101 1357 1174 assurgit
1383 1140 1399 1169 ,
1441 1116 1497 1153 ut
1536 1100 1799 1154 diameter
1825 1102 1972 1153 unius
1994 1140 2009 1168 ,
2052 1098 2189 1171 quod
2216 1097 2352 1170 apud
2379 1116 2482 1152 me-

525 1181 629 1248 est,
671 1179 1037 1253 sesquipedalis
1065 1179 1402 1253 longitudinis
1430 1178 1725 1250 reperiatur
1750 1218 1765 1246 ‚
1808 1179 1857 1231 ὃ(
1884 1176 2310 1232 circumferentia
2353 1194 2467 1248 pro-

525 1258 647 1312 inde
677 1259 816 1313 ultra
859 1273 1081 1331 quatuor
1107 1257 1261 1330 pedes
1287 1257 1589 1330 porrigatur
1616 1297 1629 1309 .
1675 1256 1962 1328 Quodlibet
1990 1257 2179 1308 horum
2209 1256 2263 1308 in
2293 1252 2467 1307 medio

523 1336 768 1391 foramen
810 1356 877 1390 ex
922 1351 1140 1409 utraque
1170 1351 1318 1408 parte
1360 1352 1637 1406 permeans
1678 1334 1867 1389 habet.
1913 1337 2094 1411 Quare
2138 1332 2472 1402 Alcyonium

523 1413 626 1470 hoc
655 1414 822 1485 magis
851 1413 1066 1468 Fiscinis
1094 1413 1195 1465 illis
1220 1412 1413 1484 junceis
1441 1452 1456 1481 ‚
1498 1431 1632 1485 quae
1673 1412 1826 1465 olivis
1855 1412 2073 1464 contusis
2103 1409 2286 1481 plenae
2317 1408 2472 1461 Prelo

525 1491 592 1548 ad
620 1490 796 1544 oleum
825 1490 1153 1543 educendum
1170 1488 1555 1560 supponuntur,
1580 1490 1745 1542 simile
1774 1488 1871 1555 est,
1891 1508 2050 1560 quam
2067 1490 2266 1541 Tiarae
2285 1486 2474 1538 Turci-

527 1588 620 1624 cae
640 1609 653 1622 .
700 1565 938 1621 Describi
969 1568 1130 1640 igitur
1156 1565 1319 1639 posset
1350 1583 1361 1615 τ
1409 1563 1727 1639 Alcyonium
1753 1566 1931 1618 durum
1962 1585 2205 1638 magnum
2233 1603 2251 1631 5
2288 1579 2478 1615 tortuo-

518 1646 597 1722 fis
615 1645 818 1719 finibus
845 1661 1183 1712 excavatum,
1207 1643 1341 1697 &in
1370 1645 1527 1697 medio
1546 1643 1895 1717 perforatum,
1921 1640 2189 1696 oleariam
2207 1640 2479 1713 Ftscinam

526 1724 775 1797 referens.
805 1724 949 1776 Huic
964 1723 1228 1792 Alcyonio
1258 1741 1360 1794 quo
1377 1720 1441 1774 ad
1468 1721 1720 1774 duritiem
1749 1722 1799 1773 8<
1827 1723 2093 1775 internam
2121 1719 2338 1792 pulpam
2365 1717 2476 1773 val-

531 1802 595 1857 de
623 1799 788 1854 fimile
817 1800 1247 1871 est,Alcyonium
1277 1800 1507 1854 alterum
1538 1799 1781 1871 glabrum
1809 1801 1856 1852 8<
1886 1802 2117 1865 flavum,
2159 1796 2480 1869 Malumque

528 1879 839 1951 Cydonium
881 1877 1108 1933 referens
1136 1918 1152 1947 ,
1193 1897 1224 1931 a
1265 1875 1609 1931 Piscatoribus
1651 1876 1834 1930 nostris
1878 1880 2115 1949 Cotogna
2158 1876 2362 1928 marina
2402 1874 2477 1927 di-

531 1955 706 2010 fflum.
751 1956 945 2008 Colore
973 1956 1095 2009 huic
1135 1974 1394 2028 perquam
1434 1955 1600 2009 simile
1645 1954 1717 2008 est
1758 1956 1807 2008 &
1836 1955 2064 2008 alterum
2107 1952 2431 2022 Alcyonium
2459 1989 2478 2019 ‚

531 2032 620 2088 sed
650 2032 1012 2105 magnitudine
1041 2032 1200 2103 longe
1229 2034 1401 2084 minus
1427 2068 1443 2096 ,
1484 2045 1543 2082 ut
1569 2047 1731 2083 ovum
1760 2030 2132 2084 Gallinaceum
2174 2029 2260 2083 vel
2291 2047 2480 2101 parvu-

531 2112 645 2165 lum
673 2112 940 2163 Limonem
967 2109 1163 2163 referat
1187 2147 1200 2160 .
1244 2105 1508 2162 Flavescit
1536 2107 1679 2161 enim
1709 2106 1926 2178 pulchre
1972 2122 2027 2160 ut
2056 2106 2270 2160 Medica
2299 2106 2486 2175 Mala,

531 2191 672 2244 intus
699 2186 856 2261 pulpa
886 2187 1090 2242 duriore
1120 2185 1348 2254 constat,
1390 2186 1440 2238 8<
1469 2184 1608 2238 fibris
1635 2184 1884 2239 radiatim
1913 2184 2197 2258 dispositiS,
2225 2184 2380 2238 odore
2410 2182 2484 2238 est

535 2266 827 2322 admodum
851 2264 1167 2339 pisculentO.
1210 2263 1455 2317 Describi
1482 2263 1678 2335 poffet:
1723 2261 2038 2336 Alcyonium
2054 2263 2269 2336 flavum
2295 2262 2485 2331 durius,

532 2366 720 2412 ovum,
749 2340 842 2397 vel
861 2359 1091 2418 parvum
1118 2339 1313 2395 malum
1342 2345 1389 2394 C
1396 2343 1576 2394 itrium
1602 2340 1822 2413 referens
1847 2381 1859 2394 .
1903 2344 2112 2413 Longus
2138 2340 2296 2394 nimis
2324 2339 2486 2395 effem

533 2422 572 2478 fi
602 2440 819 2493 corpora
844 2422 1023 2474 omnia
1052 2421 1323 2475 maritima
1366 2418 1484 2474 heic
1512 2419 1707 2473 referre
1733 2418 1932 2474 vellem
1960 2459 1972 2470 .
2017 2420 2151 2472 Non
2181 2417 2487 2491 praeteribo

537 2514 728 2554 tamen
772 2499 965 2552 referre
1008 2499 1331 2569 Alcyonium
1373 2495 1748 2551 foraminosum
1790 2496 2052 2568 Imperati
2079 2535 2097 2566 ,
2136 2496 2187 2551 ὅ(
2227 2495 2493 2553 Arantias

539 2578 771 2635 marinas
799 2575 898 2650 (b)
930 2575 1101 2633 colore
1128 2574 1286 2634 viridi
1311 2574 1395 2632 hic
1420 2575 1517 2632 esse
1544 2573 1988 2651 frequentissimas
2005 2611 2023 2648 ⁹.

2264 3257 2409 3335 JC'Aff

561 3416 585 3463 (
597 3408 647 3467 3¹)
675 3417 713 3455 V
708 3414 763 3454 ‘'d-
777 3415 883 3466 supr·
911 3416 1044 3474 C'szput
1062 3428 1110 3455 x1
1122 3429 1207 3458 111.
1236 3417 1389 3460 Primae
1410 3414 1540 3460 Partis
1567 3416 1744 3463 num.11.

565 3468 647 3520 (b)
678 3468 796 3522 (ἴα-ΗΒ.
816 3467 985 3509 Bauhm.
1013 3469 1207 3522 Pin.369,
