2643 4060
574 207 1688 288 M1stN0T1s.
1918 237 1997 309 35

156 373 214 414 ut
243 356 333 413 ille
362 356 693 412 Rondeletii.
725 355 923 412 Noster
946 355 1091 430 enim
1118 355 1320 430 semper
1344 360 1398 412 in
1419 360 1596 415 Arena
1624 377 1787 432 prope
1816 361 1989 416 Littus
2015 364 2092 417 vi-

157 453 270 491 tam
298 436 474 508 degit,
515 452 571 488 ut
599 437 664 489 ab
694 434 840 488 undis
870 448 1051 487 tamen>
1078 435 1353 505 abluatur,
1389 455 1513 490 nam
1555 436 1589 489 si
1631 437 1720 491 diu
1762 437 1852 491 sub
1896 442 2088 495 Arenis

152 515 208 568 in
238 515 366 567 sicco
392 530 643 579 maneat,
680 530 736 566 ut
764 510 1029 566 interdum
1056 513 1110 566 in
1133 516 1336 589 magnis
1365 516 1650 569 refluxibus
1678 518 1836 570 maris
1866 520 2087 587 accidit,

152 594 402 646 continuo
431 594 679 644 moritur.
724 588 976 644 Comedit
1005 607 1236 645 mortuos
1263 590 1427 646 Pisces
1453 630 1470 658 ,
1511 594 1560 643 8(
1590 592 1694 644 alia
1720 596 2088 665 inquinamen-

151 684 208 723 ta
239 668 305 722 ad
332 669 501 721 Littus
528 667 709 723 relic‘ta
736 708 753 737 ,
794 685 952 740 quare
985 668 1089 739 ipse
1135 687 1189 723 ut
1231 671 1281 722 8(
1322 670 1485 723 Pulex
1515 671 1774 738 marinus,
1818 674 1907 743 qui
1949 675 2086 746 apud

149 764 241 800 nos
272 745 713 818 frequentissimus
736 745 837 814 est,
863 746 1037 798 Littus
1063 746 1292 799 nostrum
1321 749 1385 801 ab
1412 749 1560 800 omni
1590 746 1732 801 sorde
1760 768 2085 823 expurgant,

147 843 310 896 quum
338 824 617 877 Cadavera
643 824 821 879 omnia
864 842 966 895 qua
995 826 1199 877 marina
1229 865 1244 892 ,
1287 845 1389 896 qua
1419 824 1682 879 terrestria
1720 830 2086 900 prodigialiter

145 917 368 969 vorent,
409 902 535 973 quin
564 902 613 954 8(
643 900 829 956 stercus
860 900 1009 954 simul
1051 902 1101 953 8(
1128 903 1228 956 alia
1259 904 1688 975 inquinamenta.
1735 907 1914 980 Quare
1946 909 2089 960 Can-

146 997 263 1032 cros
290 977 517 1047 nostros,
541 980 606 1051 ¹&
636 979 834 1032 Pulices
861 978 980 1033 illos
1002 979 1200 1034 caussae
1244 979 1342 1034 effe
1387 982 1542 1034 credo
1582 1000 1672 1033 cur
1700 985 1812 1033 Aer
1854 985 2085 1036 marinus

143 1057 322 1124 nobis,
350 1057 427 1109 uti
453 1057 500 1108 ἃ
516 1056 856 1128 plerumque,
885 1054 1100 1110 salubris
1127 1057 1214 1124 fit,
1232 1076 1393 1129 quum
1422 1059 1487 1111 ab
1512 1059 1752 1110 omnibus
1778 1060 2085 1131 graveolen-

142 1133 282 1187 tibus
309 1153 407 1206 ope
451 1133 640 1186 horum
668 1133 1127 1188 Animalculorum
1157 1153 1485 1207 expurgetur
1506 1174 1519 1187 .
1563 1136 1773 1188 Cancer
1814 1136 1901 1188 hic
1943 1136 2084 1209 depi-

142 1208 252 1263 &us
278 1229 468 1283 pronus
496 1212 542 1262 8(
572 1210 777 1281 lupinus
808 1229 917 1263 mas
945 1210 1051 1277 est,
1088 1212 1364 1282 oblongior
1389 1213 1533 1265 enim
1561 1210 1662 1278 est,
1690 1212 1827 1284 quod
1854 1215 1907 1266 in
1936 1215 2082 1267 omni

147 1288 481 1341 Cancrorum
509 1305 699 1360 genere
730 1288 1040 1360 plerumque
1071 1288 1292 1355 accidit,
1335 1306 1389 1341 ut
1419 1307 1590 1342 mares
1630 1289 1957 1363 oblongiores
1986 1293 2083 1346 sint

138 1384 300 1438 quarn
328 1364 558 1418 feminae
578 1405 595 1417 ,Α
635 1366 916 1419 Praeterea
945 1383 1117 1419 mares
1144 1366 1199 1419 in
1232 1383 1419 1420 ventre
1450 1367 1807 1439 operculum,
1834 1367 1919 1421 seu
1946 1371 2082 1423 Cau-

141 1443 268 1496 dam
296 1441 681 1516 angustiorem,
716 1446 766 1495 8(
795 1442 1177 1514 triangularem
1203 1442 1404 1499 habent
1432 1460 1450 1511 ‚⁴
1496 1445 1750 1498 Feminae
1779 1464 1907 1499 vero
1933 1447 2085 1501 latio-

136 1537 283 1587 rem,
325 1521 379 1572 8(
404 1520 758 1573 rotundiorem
778 1560 793 1588 ,
833 1518 921 1572 sub
951 1537 1054 1591 qua
1080 1539 1180 1574 ova
1211 1521 1471 1588 condunt,
1498 1521 1547 1572 8(
1575 1521 1805 1593 gestant.

164 1628 167 1633 -
215 1600 288 1651 II.
333 1598 542 1652 Cancer
563 1600 775 1671 Latipes
797 1616 992 1670 parvus·
1013 1598 1164 1652 vellit
1194 1599 1361 1652 aureis
1375 1637 1403 1665 5„
1419 1615 1474 1652 ut
1501 1597 1567 1653 de
1590 1598 1784 1670 majore
1814 1601 1989 1674 aliqua
2012 1602 2089 1656 <is-2

135 1693 350 1730 camus*
389 1678 575 1729 Minus.
611 1694 797 1729 notum
825 1694 1032 1748 quoque
1075 1678 1129 1729 in
1155 1677 1326 1730 Libris
1358 1675 1467 1749 ipse
1491 1675 1562 1730 est
1588 1716 1604 1743 ,
1646 1678 1769 1730 licet
1813 1682 1949 1750 apud
1990 1698 2086 1733 nos

134 1753 551 1826 vulgatissimus„
587 1755 635 1806 8(
666 1773 697 1807 a
724 1752 1068 1807 Piscatoribus
1095 1752 1330 1827 semper,
1368 1756 1417 1807 8(
1444 1772 1606 1826 prope
1635 1756 1809 1808 Littus
1852 1757 1900 1808 8(
1928 1759 1980 1810 in
2011 1758 2082 1811 al-

137 1844 195 1883 to
234 1833 491 1884 immensa
518 1832 666 1901 copia
694 1833 933 1902 capiatur
957 1870 969 1883 .
1015 1832 1219 1904 Vulgus
1241 1834 1534 1886 Macinette
1564 1848 1783 1899 vocant,
1825 1830 1906 1886 sed
1937 1835 2085 1889 diffe-

132 1922 259 1960 runt
286 1907 351 1960 ab
385 1907 478 1973 iis,
505 1926 639 1979 quae
666 1909 902 1963 Veneriis
928 1908 994 1962 fic
1021 1908 1298 1978 dicuntur,
1341 1927 1504 1981 quum
1532 1910 1733 1962 Cancri
1761 1909 1837 1962 illi
1887 1912 2078 1965 Veneti

133 1984 202 2037 fic
225 1982 357 2038 diffl
391 1985 588 2039 marini
627 1984 845 2036 omnino
872 2001 976 2037 non
1005 1983 1143 2052 finr,
1180 1985 1267 2037 sed
1307 1984 1641 2056 stagnorum,
1680 1986 1959 2057 lutulenti,
2000 1988 2082 2041 fu-·

134 2060 238 2131 sci,
278 2063 328 2115 8(
369 2062 510 2134 quod
549 2078 704 2135 caput
733 2059 811 2116 est
846 2079 950 2114 non
978 2059 1265 2134 latipedes,
1304 2061 1489 2115 Nostri
1531 2061 1647 2116 sunt
1689 2064 1838 2132 albi,
1880 2067 1928 2119 8(
1971 2065 2082 2136 ejus¹

133 2141 514 2213 magnitudinis
554 2158 658 2211 qua
700 2139 948 2212 vulgares
983 2141 1179 2193 Cancri
1211 2139 1500 2194 fluviatiles
1537 2139 1755 2211 majores
1784 2180 1804 2208 5
1840 2139 1927 2195 sed
1969 2161 2074 2196 non

130 2231 246 2272 tam
272 2216 472 2272 feroces·
493 2257 508 2284 ,
550 2236 713 2289 quum
741 2217 968 2271 tenuiori
995 2217 1159 2271 crusta
1186 2216 1538 2271 obducantur.
1582 2218 1745 2273 Pedes
1781 2218 1859 2272 illi
1901 2224 2082 2275 extrc-'

130 2295 238 2362 mi,
282 2313 407 2367 quos
428 2295 559 2348 latos
585 2294 784 2347 habent
809 2333 826 2362 ,
866 2293 1190 2348 rotundiores
1219 2293 1336 2348 sunt
1376 2295 1431 2346 8(
1456 2298 1797 2366 proportione
1819 2294 1960 2350 faGta
2001 2298 2074 2352 la-

130 2374 288 2427 tiores
328 2391 487 2444 quam
527 2373 579 2426 in
624 2369 873 2444 superiori
907 2410 921 2424 .
965 2370 1139 2426 Hosce
1166 2371 1325 2444 pedes
1347 2371 1496 2426 datos
1522 2371 1620 2426 effe
1663 2392 1692 2426 a
1735 2375 1951 2429 Natura
1990 2373 2079 2428 his·

129 2451 355 2505 Cancris
389 2468 514 2504 cum
541 2448 830 2503 Aristotele.
858 2448 1085 2502 arbitror
1098 2488 1118 2516 ‚.
1156 2465 1214 2502 ut
1241 2449 1309 2503 ad
1333 2447 1571 2505 nandum
1596 2448 1693 2503 sint
1720 2450 1907 2519 utiles,
1931 2453 1981 2505 8(
2013 2467 2082 2506 ut·

129 2529 449 2600 pinnarum,
484 2527 572 2581 vel
601 2526 956 2599 palmularum
999 2527 1113 2580 vice
1144 2526 1241 2580 sint
1271 2544 1288 2595 3
1331 2524 1614 2600 Ipsumque
1657 2529 1930 2582 Cancrum
1971 2528 2069 2586 effe

128 2604 447 2677 Latipedem
477 2605 659 2672 illum,
699 2624 858 2678 quem
883 2602 1147 2677 descripsit
1173 2604 1481 2658 Aristoteles
1503 2643 1520 2672 ,
1561 2605 1650 2677 qui
1681 2624 1843 2678 quum
1886 2608 1944 2660 in⁴
1981 2626 2085 2660 no·-

131 2681 231 2737 stro
261 2685 424 2751 mari,
455 2682 596 2755 quod
617 2684 832 2755 Jonico‘,
859 2684 1181 2738 &Graeciae
1207 2685 1342 2737 mari
1372 2681 1657 2737 finitimum
1686 2683 1788 2752 est,
1816 2700 1927 2739 tarn
1954 2703 2069 2756 pro-

130 2759 324 2833 digiose
368 2762 606 2833 capiatur
631 2801 647 2827 ,
688 2760 764 2813 nil
806 2762 1004 2814 mirum
1044 2760 1081 2814 fi
1109 2760 1421 2816 Aristoteles·
1456 2759 1738 2815 immensos
1777 2764 1973 2833 ceperit
2015 2763 2067 2815 8(

129 2837 237 2913 ipse
263 2877 279 2904 ‚
324 2855 380 2892 ut
411 2839 514 2895 fert
556 2837 805 2894 Italicum
829 2839 1117 2913 adagium,
1158 2840 1342 2911 quibus
1369 2836 1670 2892 universam
1696 2838 1801 2907 ejus
1840 2839 2074 2892 Philoso⁴

129 2916 316 2991 phiam
344 2915 622 2990 consperfit
654 2955 668 2969 .
712 2918 931 2989 Propter
955 2916 1312 2989 frequentiam
1351 2916 1456 2970 vile
1484 2914 1555 2968 est
1580 2913 1851 2987 opsonium
1881 2955 1897 2983 ,
1937 2917 2067 2970 licet

133 2993 326 3068 saporis
351 3013 457 3050 non
483 2993 679 3066 ingrati
709 3034 721 3046 .
766 2997 978 3051 Tamen
1008 2991 1243 3049 detraffio
1272 2994 1437 3048 veteri
1465 2993 1657 3046 cortice
1691 3011 1854 3065 quum
1883 2993 2068 3048 molle--

136 3071 230 3127 scit
274 3091 414 3127 nova
454 3072 559 3144 ejus
588 3073 741 3126 Cutis
781 3071 1007 3126 divitum
1050 3070 1254 3126 mensas
1290 3088 1411 3125 tunc
1452 3088 1557 3123 non
1599 3070 1845 3142 ignobilis·
1866 3087 2019 3125 ornat
2046 3111 2060 3124 .

139 3149 406 3206 Mollescit
449 3150 663 3223 quidem*
702 3150 787 3203 hic
816 3152 1026 3204 Cancer
1065 3149 1152 3205 seu.
1177 3151 1452 3203 Corticem·
1487 3163 1686 3215 mutat,
1725 3148 2063 3220 quemadmo-

141 3226 267 3280 dum
295 3227 552 3283 mollescit
582 3226 813 3301 superior
836 3229 1054 3302 latipes·,
1096 3228 1145 3280 8(
1174 3229 1260 3281 alii
1286 3226 1652 3300 quamplureS,
1679 3226 1728 3278 8(
1758 3241 1878 3278 tunc
1904 3226 2061 3280 nostri

139 3306 377 3360 Cancros·
401 3307 514 3362 illos
541 3307 744 3362 molleis
770 3303 1052 3362 RIolleccas
1078 3321 1269 3362 vocant
1293 3344 1309 3375 ,
1352 3321 1507 3375 atque
1536 3305 1589 3356 in
1615 3302 1810 3358 deliciis
1834 3304 2068 3433 haIXnt,

1426 3382 1474 3435 E
1556 3399 1592 3434 2
1962 3398 2003 3433 ni
