2643 4060
139 602 417 658 VRTICA
461 603 746 658 SoLvTA
792 604 1396 662 CARYOPHYLLVM
1449 621 1822 666 REFERENS
1867 650 1884 681 ,
1945 627 2073 680 επεν

214 679 455 736 PoDEx
505 694 834 736 MARINVS
886 695 1355 739 ESCVLENTVS
1402 686 1635 740 MARIS
1681 689 1969 745 SVPERI.

134 815 183 869 1.
411 819 454 871 B
480 818 664 872 Vrtica
690 815 856 872 soluta
886 817 1092 874 transeo
1119 818 1183 876 ad
1211 820 1456 875 Vrticam
1483 822 1634 876 Saxis
1651 863 1664 890 ,
1690 825 1869 898 Lignis
1896 829 1945 881 8<
1971 832 2086 883 Te-·

216 817 405 1006 Α
451 893 533 950 stis
573 895 887 952 haerentem
905 937 921 966 ,
963 912 1120 972 atque
1148 898 1468 955 esculentam
1494 940 1510 968 ,
1551 920 1711 974 quam
1739 905 1949 959 Tabula
1978 909 2073 959 IV.

450 970 538 1026 sub
569 973 735 1047 figura
766 977 856 1027 VI.
901 977 950 1028 8<
977 975 1157 1032 littera
1186 980 1233 1031 G
1276 976 1666 1050 repraesentat.
1710 980 1960 1048 Ejusdem
1991 1000 2076 1054 ge-

135 1049 275 1106 neris
301 1050 512 1105 videtur
552 1070 611 1105 ac
638 1051 730 1106 illa
773 1070 932 1126 quam
960 1054 1304 1110 Rondeletius
1346 1056 1592 1110 Vrticam
1632 1057 1846 1111 rubram
1890 1074 2075 1128 vocat,

135 1142 297 1201 atque
326 1147 355 1182 a
382 1129 719 1202 Popularibus
746 1128 843 1184 suis
871 1129 970 1203 (a)
1013 1132 1244 1205 Posterol
1257 1171 1273 1201 ‚
1313 1133 1400 1186 vel
1435 1131 1546 1185 Cul
1571 1134 1632 1186 cle
1659 1133 1875 1187 Cheval
1901 1137 2077 1208 appel-

134 1205 234 1258 lari
260 1205 415 1260 dicit.
460 1207 668 1260 Coloris
696 1209 872 1261 carnei
903 1210 1068 1264 etiam
1094 1208 1165 1264 est
1191 1209 1392 1277 nostra,
1418 1208 1698 1283 &propter
1725 1211 1830 1282 ejus
1844 1213 2075 1267 formam

133 1283 336 1337 Culum
363 1284 630 1338 marinum
671 1285 831 1356 vulgo
872 1288 1108 1340 vocitant
1138 1326 1150 1341 .
1196 1286 1297 1341 Sed
1324 1287 1417 1342 illa
1445 1287 1750 1344 Rondeletii
1795 1289 1865 1345 est
1908 1291 2076 1362 major

132 1359 367 1416 &latior
392 1401 409 1430 ‚
450 1360 621 1416 nostra
663 1359 906 1416 adstri&a
947 1360 1153 1437 semper
1193 1379 1250 1419 ut
1278 1365 1709 1437 Caryophyllum
1751 1370 1876 1423 flore
1918 1370 2075 1440 pleno

134 1437 359 1508 referat,
402 1455 458 1493 ut
485 1440 541 1493 in
568 1440 725 1493 titulo
752 1440 1017 1494 innuimus
1043 1481 1058 1509 ,
1100 1443 1150 1494 8<
1178 1462 1246 1496 ex
1275 1442 1436 1495 allata
1467 1442 1636 1516 figura
1677 1462 1889 1499 cernere
1919 1447 2074 1501 licet.

133 1516 266 1569 Puto
295 1535 501 1590 quoque
528 1516 662 1571 hanc
689 1515 916 1572 nostram
958 1517 1239 1591 aliquando
1269 1518 1492 1572 solutam
1534 1522 1717 1593 vagari
1744 1560 1759 1589 ,
1802 1541 1964 1594 quum
1990 1543 2080 1578 va-

134 1593 222 1647 riis
251 1596 431 1663 rebuS,
456 1595 638 1668 Lignis
666 1593 892 1663 scilicet,
919 1596 1069 1650 Saxis
1095 1597 1144 1651 8<
1163 1595 1366 1666 Testis,
1392 1612 1449 1650 ut
1478 1596 1621 1667 dixi,
1650 1597 1868 1655 haereat
1883 1617 1900 1668 ,·
1929 1619 2078 1672 prae-

133 1669 317 1727 sertim
345 1691 471 1728 vero
501 1672 696 1729 Ostreis
725 1672 976 1728 adhaeret
1008 1712 1024 1743 ‚
1066 1691 1226 1747 atque
1269 1674 1334 1728 ab
1365 1674 1447 1728 his
1485 1675 1627 1731 facili
1654 1679 1870 1749 negotio
1898 1679 2078 1733 avelli-

134 1764 249 1804 tur.
294 1753 448 1805 Haec
474 1768 620 1806 more
651 1749 963 1806 Ostrearum
991 1754 1262 1826 coquitur,
1304 1753 1354 1805 8<
1383 1771 1487 1807 una
1514 1772 1636 1808 cum
1662 1754 1779 1827 ipsis
1804 1795 1821 1826 ,
1863 1756 2081 1829 quibus,

136 1844 195 1882 ut
222 1828 364 1897 dixi,
404 1827 817 1901 frequentissime
847 1829 1035 1885 haeret
1064 1870 1081 1900 ‚
1123 1829 1445 1887 comeditur.

209 1907 282 1959 II.
326 1906 471 1959 Huic
499 1907 714 1961 Vrticae
757 1903 1074 1962 accensenda
1115 1908 1188 1963 est
1230 1908 1335 1963 alia
1376 1905 1551 1963 media
1578 1948 1594 1977 ‚
1635 1908 1720 1963 sed
1760 1907 2076 1983 oblongior‚

134 2000 297 2056 quam
322 1981 547 2036 solutam
588 1981 856 2037 interdum
897 1999 1044 2037 mare
1075 1983 1307 2037 nostrum
1334 1984 1532 2056 rejicit.
1576 1989 1717 2041 Item
1760 1986 1863 2041 alia
1903 1989 2078 2060 globo-

134 2061 260 2116 fior.
303 2058 406 2115 Sed
445 2079 566 2114 cum
594 2059 695 2115 hac
725 2059 966 2116 maxime
993 2062 1242 2117 convenit
1269 2063 1452 2117 Vrtica
1488 2063 1746 2135 quaedam
1775 2083 1942 2136 parva
1982 2066 2080 2121 fre—

133 2138 469 2211 quentissima
490 2179 507 2209 ,
546 2156 681 2213 quae
710 2138 938 2193 Tellinis
964 2137 1147 2193 nostris
1189 2141 1478 2213 variegatis
1517 2142 1809 2197 recentibus
1849 2140 2034 2197 haeret
2060 2182 2077 2212 ,

135 2235 196 2270 ac
222 2235 318 2290 pro
355 2233 480 2271 nota
507 2234 690 2271 earum
717 2217 982 2271 recentiae
1010 2216 1238 2272 habetur
1265 2257 1282 2287 ,-
1321 2219 1372 2271 &
1399 2237 1520 2272 cum
1547 2219 1785 2273 omnibus
1825 2236 2082 2293 perpetuo

134 2294 354 2352 haereat
383 2311 664 2368 tamquam
693 2313 811 2368 pars
838 2294 1098 2367 quaedam
1125 2314 1307 2352 earum
1334 2310 1577 2368 putatur.

210 2375 317 2427 III.
362 2374 579 2428 Vrticae
609 2373 796 2427 rubrae
826 2389 1043 2446 propter
1069 2373 1298 2428 colorem
1325 2374 1494 2428 affinis.
1516 2374 1586 2429 est
1628 2375 1787 2431 maffa
1814 2376 2081 2449 quaedam

131 2449 371 2505 informis
385 2447 599 2524 Lignis,
625 2451 842 2505 &Saxis
874 2451 1096 2506 haerens
1123 2470 1285 2524 quam
1301 2452 1538 2508 Carnem
1567 2455 1832 2509 marinam
1857 2471 2081 2525 vocant,

131 2543 415 2602 propterea
446 2528 584 2601 quod
611 2527 836 2583 frustulis
866 2529 1148 2600 majoribus
1171 2531 1362 2584 Carnis
1387 2530 1623 2586 Bovillae
1654 2550 1861 2590 macrae
1889 2571 1905 2600 ,
1947 2552 2080 2605 quae

134 2605 337 2660 venalis
365 2605 420 2657 in
435 2607 682 2660 Lanienis
706 2606 931 2679 prostat,
955 2626 1213 2681 perquam
1229 2607 1408 2661 similis
1423 2608 1692 2662 videatur.
1721 2612 1874 2663 Haec
1901 2625 2081 2665 tamen

135 2700 302 2755 quum
334 2697 540 2736 motum
568 2684 773 2737 nullum
801 2686 1024 2739 vitalem
1055 2685 1207 2753 edat,
1249 2687 1298 2739 8<
1327 2684 1535 2740 diffesta
1564 2704 1728 2759 quum
1755 2686 1909 2743 fibras
1936 2686 2081 2761 quas-

136 2761 261 2815 dam
290 2760 572 2815 herbaceas
600 2760 865 2831 ostendat,
905 2762 969 2816 ad
996 2763 1262 2834 Alcyonia
1289 2763 1618 2819 referendam
1645 2765 1744 2819 effe
1771 2782 1925 2837 puto.

217 2840 349 2891 ΙΙΙΙ.
397 2840 667 2914 Qioniam
693 2839 758 2893 de
787 2839 1061 2910 Alcyoniis
1086 2840 1271 2893 incidit
1298 2839 1498 2909 sermO,
1535 2860 1668 2913 quae
1696 2861 1773 2896 res
1801 2842 2077 2914 ambiguae

141 2914 428 2972 admodum
455 2914 570 2971 sunt
598 2935 615 2986 3
659 2916 722 2971 de
764 2916 1023 2989 aliquibus
1051 2919 1192 2971 enim
1223 2916 1458 2971 dubitare
1485 2918 1611 2972 licet
1637 2958 1653 2986 ,
1693 2919 1791 2972 sint
1818 2939 1882 2973 ne
1911 2919 1974 2971 ad
2007 2921 2078 2971 A·

145 2994 370 3048 nimalia
396 3033 413 3063 ,
455 3012 520 3047 an
549 2994 612 3048 ad
638 2995 848 3048 Plantas
890 2995 1180 3068 ableganda
1206 3009 1223 3064 5
1266 2995 1384 3049 heic
1413 2995 1605 3050 referre
1632 2996 1779 3050 lubet
1821 2997 2083 3067 Alcyonia

145 3071 429 3140 nonnulla,
471 3091 604 3144 quae
636 3067 783 3125 mare
813 3072 1043 3126 nostrum
1070 3071 1363 3147 suppeditat
1391 3112 1403 3125 .
1449 3075 1590 3126 Cum
1619 3076 1800 3145 primis
1842 3074 2081 3146 frequen·

148 3149 400 3203 tissimum
428 3149 500 3202 est
529 3150 854 3221 Alcyonium
882 3152 1099 3224 Favago
1126 3149 1352 3218 dietum,
1387 3151 1525 3223 quod
1552 3151 1765 3223 quidem
1807 3152 1968 3224 aliqui
2012 3170 2079 3207 ex

148 3224 331 3284 nostris
369 3246 465 3300 pro
498 3229 703 3283 Ovario
745 3227 956 3299 alicujus
980 3227 1133 3284 Piscis
1159 3229 1385 3301 habent,
1426 3247 1591 3299 quum
1618 3229 1802 3304 finguli
1831 3230 1939 3298 ejus
1960 3231 2084 3283 Aci-

1437 3308 1481 3359 F
1563 3323 1596 3361 2
1953 3308 2011 3359 ni

175 3388 254 3441 (a)
284 3391 501 3436 Libntvn.
519 3395 565 3436 de
588 3395 761 3450 Piscibus
787 3408 1009 3452 cap.xvu.
