2643 4060
673 241 763 306 74
1052 213 1995 294 SPECIMEN

562 383 715 424 vetus
759 365 964 440 antiqui
1007 364 1165 420 nostri
1205 369 1391 421 Portus
1433 367 1602 423 multo
1628 367 1976 443 propinquior
2010 365 2082 422 est
2123 366 2280 423 hodie
2324 374 2512 441 Mari,

563 463 727 518 quam
758 461 873 500 erat
903 445 1124 517 triginta
1152 445 1376 500 abheinc
1405 448 1584 517 anniS,
1626 465 1682 503 ut
1712 466 1809 522 ego
1838 447 2089 500 memini.
2134 449 2364 503 Fortaffe
2394 454 2513 506 Ma-

563 543 620 577 re
647 520 803 576 hodie
832 522 968 595 apud
995 541 1086 576 nos
1114 521 1299 577 sensim
1329 542 1638 597 recuperare
1675 541 1878 594 tentat,
1910 523 2049 597 quod
2076 524 2205 579 olim
2235 524 2515 596 arni-serat,

564 617 724 673 atque
752 600 788 653 si
817 602 916 655 hac
941 602 1144 655 ratione
1172 602 1425 675 procedat
1450 603 1620 677 ipsam
1635 607 1837 660 Vrbem
1852 603 2080 658 nostram
2113 602 2348 660 tamdem
2376 624 2516 661 mer-

564 695 655 753 get
681 717 697 746 ‚
736 677 1054 751 praesertim
1082 682 1265 734 Portus
1293 679 1630 753 suburbium,
1670 685 1721 738 8<
1749 684 1874 737 Vias
1902 682 2016 736 illas
2045 700 2222 737 recens
2251 681 2511 753 adie5ta3‚

561 756 656 811 nifi
685 757 964 829 aggeribus
995 755 1145 811 fafflis
1185 761 1263 812 uti
1292 760 1430 834 apud
1458 763 1683 817 Batavos
1710 802 1726 831 ‚
1768 761 1855 817 vel
1883 760 2181 816 elevatione
2210 760 2356 833 plani
2388 763 2510 816 Via-

560 853 681 889 rum
699 874 715 903 ,
740 833 879 906 quod
893 838 1233 908 opportunius
1259 837 1497 907 est,huic
1514 841 1657 894 malo
1672 839 2045 913 prospiciatur.
2082 840 2204 892 Hoc
2231 839 2396 893 etiam
2423 839 2510 895 ob-

560 911 779 968 servaffe
806 914 1075 969 Romanos
1108 915 1368 988 aliquibus
1395 918 1448 971 in
1475 917 1602 972 locis
1646 917 1783 991 apud
1810 937 1901 971 nos
1943 919 2100 970 Mare
2146 915 2390 971 accedere
2432 918 2512 972 vi-

554 991 714 1045 detur
738 1007 754 1060 3
799 1009 925 1045 nam
952 993 1142 1047 Tertio
1170 995 1236 1046 ab
1263 995 1407 1050 Vrbe
1433 995 1605 1050 nostra
1630 995 1828 1069 Lapide
1847 1035 1863 1063 ‚
1904 996 1991 1048 ubi
2021 996 2319 1048 etiamnum
2347 995 2511 1069 Cippi

554 1069 724 1141 aliqui
751 1069 999 1123 Milliarii
1035 1087 1248 1125 veteres
1287 1071 1558 1145 superlunt
1585 1114 1601 1142 ‚
1642 1075 1697 1127 in
1727 1075 1828 1127 Via
1857 1073 2123 1128 Flaminia
2157 1090 2410 1146 aggerem
2441 1074 2512 1128 al-

557 1148 810 1202 tiffimum
837 1166 905 1201 ex
933 1165 1175 1203 cemento
1201 1151 1252 1203 8<
1279 1152 1461 1224 glarea
1491 1150 1890 1206 construxerunt
1934 1151 1999 1205 ad
2028 1151 2197 1207 multa
2225 1149 2511 1220 milliaria,

558 1242 617 1278 ut
644 1226 749 1278 Via
775 1224 868 1278 illa
910 1244 939 1279 a
968 1225 1206 1281 fluctibus
1236 1231 1405 1283 Maris
1446 1246 1703 1303 perpetuo
1746 1231 1951 1284 munita
1988 1229 2126 1284 foret
2155 1267 2171 1298 ‚
2213 1229 2303 1301 qui
2346 1246 2512 1303 agger

555 1302 725 1357 adhuc
759 1302 972 1372 visitur,
1014 1305 1064 1358 8<
1091 1324 1121 1359 a
1149 1306 1374 1362 Missone
1416 1308 1471 1360 in
1499 1306 1587 1361 suo
1615 1309 1898 1363 Itinerario
1927 1323 2288 1375 memoratur,
2330 1325 2512 1379 quam-

555 1398 719 1454 quam
745 1381 1106 1452 imprudentia
1137 1383 1431 1437 nostrorum
1459 1386 1514 1438 in
1541 1386 1649 1440 dies
1679 1385 1970 1439 destruatur
1988 1425 2003 1453 ,
2047 1399 2293 1438 cemento
2321 1385 2413 1438 illo
2454 1385 2511 1438 in

557 1459 686 1513 alios
714 1456 827 1510 usus
855 1458 960 1511 alio
991 1460 1273 1514 translatO.
1318 1462 1480 1533 Apud
1507 1463 1805 1516 Fanestreis
1833 1464 1995 1515 etiam
2013 1500 2029 1528 ,
2072 1476 2127 1513 ut
2154 1480 2221 1514 ex
2250 1461 2511 1532 aliquibus

554 1535 774 1592 eruditis
804 1537 942 1589 illius
969 1538 1227 1593 Civitatis
1254 1540 1462 1612 accepi,
1488 1539 1634 1594 fama
1661 1540 1732 1594 est
1763 1541 1916 1594 Mare
1947 1538 2102 1594 hodie
2130 1538 2512 1612 proquinquius

555 1614 654 1668 effe
683 1613 814 1666 Vrbi
846 1633 1030 1669 eorum
1048 1656 1062 1684 ,
1085 1634 1247 1688 quam
1275 1618 1450 1673 fuerat
1479 1633 1633 1686 ante,
1676 1637 1804 1672 nam
1835 1616 2004 1673 nescio
2038 1635 2164 1689 quas
2192 1632 2398 1672 veteres
2425 1620 2511 1671 In-

552 1690 856 1764 scriptiones
884 1694 1229 1764 Sepulcraleis
1257 1696 1322 1750 ad
1350 1699 1506 1751 Mare
1550 1698 1605 1749 in
1635 1697 1982 1751 excavatione
2025 1695 2150 1749 novi
2179 1713 2364 1748 eorum
2389 1696 2509 1748 Por-

551 1785 632 1824 tus
660 1769 909 1825 inveniffe
936 1771 1247 1843 perhibent.
1278 1772 1377 1829 Sed
1402 1776 1705 1828 maximum
1736 1774 2048 1847 exemplum
2078 1772 2372 1829 accessionis
2387 1775 2508 1827 Ma-

547 1849 616 1901 ris
645 1848 982 1918 Hadriatici,
1023 1851 1074 1903 8<
1100 1851 1356 1925 Ingreffus
1398 1854 1452 1906 in
1488 1855 1689 1907 Terras
1716 1893 1733 1922 ,
1777 1856 1831 1906 in
1874 1854 2078 1926 magnis
2104 1851 2330 1906 Lacunis
2356 1891 2372 1920 ,
2413 1849 2502 1905 seu
2552 1882 2555 1885 -

546 1926 819 1993 VallibuS,
861 1943 918 1980 ut
944 1947 1168 1999 vocant,
1210 1931 1485 2000 Comacli‚
1525 1931 1813 1988 habemus.
1857 1933 2009 1985 Nam
2039 1930 2172 1983 Vrbs
2205 1928 2327 1998 ista,
2368 1947 2504 2002 quae

546 2003 871 2072 Cymaclum
901 2004 1160 2075 aliquibus
1189 2006 1381 2058 dicitur
1409 2044 1426 2074 ,
1468 2009 1605 2077 quod
1634 2008 1774 2077 quafi
1802 2026 1830 2060 e
1859 2006 2098 2058 fluetibus
2126 2009 2296 2059 Maris
2336 2024 2505 2062 emer-

547 2077 671 2133 serit
692 2119 708 2148 ,
750 2099 988 2152 quaeque
1016 2082 1071 2134 in
1102 2083 1275 2137 medio
1301 2086 1637 2139 Lacunarum
1665 2082 1822 2138 modo
1853 2082 1948 2136 sita
1978 2082 2081 2152 est,
2123 2099 2181 2136 ut
2222 2083 2355 2137 olim
2395 2085 2502 2140 Ra-

547 2176 725 2212 venna
751 2197 767 2226 ,
809 2159 858 2209 8<
885 2177 1023 2212 nunc
1063 2160 1377 2233 amplissima
1407 2162 1753 2216 Venetiarum
1782 2200 1798 2229 ,
1840 2178 2017 2215 recens
2045 2160 2331 2214 admodum
2358 2161 2502 2216 vide-

546 2252 663 2305 tur,
705 2254 868 2308 quum
897 2256 959 2290 eo
983 2237 1039 2291 in
1067 2238 1180 2292 loco
1208 2239 1365 2293 multi
1393 2240 1717 2294 arbitrentur
1743 2239 1962 2313 Spinam
1994 2239 2197 2293 Vrbem
2223 2239 2356 2293 olim
2379 2237 2500 2294 fuis-

546 2312 597 2367 se
627 2353 642 2381 ,
684 2314 822 2386 cujus
865 2317 1112 2371 meminit
1154 2318 1341 2372 Strabo
1384 2315 1485 2391 (a)
1528 2317 1578 2370 8<
1619 2317 1902 2389 Dionysius
1942 2317 2364 2373 Halicarnasseus
2390 2356 2407 2386 ,
2448 2318 2501 2372 δε

545 2394 745 2465 primus
787 2393 1001 2465 quidem
1029 2411 1307 2468 tamquam
1337 2396 1536 2469 Oppidi
1563 2394 1662 2450 suis
1694 2397 2018 2469 temporibus
2056 2397 2111 2449 in
2133 2396 2453 2450 Continenti
2480 2435 2499 2465 ‚

545 2471 596 2523 ὃ(
632 2488 661 2522 a
689 2472 835 2525 Mari
883 2485 989 2525 XC.
1019 2473 1207 2527 Stadiis
1248 2474 1527 2544 distanti83
1571 2476 1835 2529 Attamen
1877 2475 2012 2527 Vrbs
2054 2473 2299 2528 Comacli
2340 2473 2496 2527 hodie

544 2546 613 2600 ad
640 2550 796 2601 Mare
838 2566 972 2621 pene
1003 2550 1075 2603 est
1101 2590 1117 2620 ‚
1159 2553 1503 2625 marinaeque
1532 2556 1638 2622 ejus
1664 2556 1908 2606 Lacunae
1951 2551 2017 2605 ad
2050 2566 2156 2606 LX.
2186 2550 2356 2603 millia
2384 2549 2499 2605 Pas-

543 2623 693 2679 suum
721 2626 777 2678 in
805 2625 1135 2700 longitudine
1153 2669 1168 2697 ,
1196 2631 1245 2681 8<
1273 2629 1337 2684 ad
1363 2629 1667 2703 quindecim
1693 2631 1748 2683 in
1775 2629 2054 2686 latitudine
2082 2628 2495 2701 protenduntur.

543 2705 726 2777 Atque
769 2704 843 2758 ibi
884 2706 939 2758 in
981 2709 1130 2760 novis
1172 2707 1405 2762 Aedibus
1432 2748 1447 2777 ‚
1488 2707 1576 2761 vel
1609 2707 1880 2762 Aedificiis
1921 2706 2021 2761 suis
2068 2705 2363 2761 Piscatoriis
2406 2726 2497 2762 ex-

541 2780 794 2836 struendis
834 2783 1018 2855 paffim
1052 2786 1299 2857 Sepulcra
1328 2788 1379 2840 δε
1406 2785 1622 2840 Rudera
1651 2790 1908 2842 Veterum
1937 2785 2172 2840 Aedium
2211 2786 2352 2840 intra
2381 2785 2498 2840 illas

541 2861 780 2913 Lacunas
822 2862 1101 2916 inveniunt
1132 2904 1144 2917 .
1200 2865 1281 2918 Ibi
1324 2866 1469 2919 enim
1510 2867 1667 2918 Mare
1711 2864 2033 2937 recuperasse
2062 2863 2272 2919 videtur
2300 2903 2316 2931 ,
2359 2881 2494 2934 quae

545 2938 876 3011 temporibus
908 2940 1176 2995 Strabonis
1204 2943 1451 2999 amiserat
1480 2983 1493 2997 .
1550 2942 1652 2996 Sed
1694 2943 1818 3015 quid
1858 2943 1975 2998 heic
2000 2944 2220 3016 Spinam
2261 2938 2496 2995 submer-

536 3014 680 3083 sam,
705 3017 756 3069 8<
787 3019 1029 3075 Comacli
1058 3022 1298 3074 Lacunas
1326 3040 1597 3089 memor0‚
1639 3037 1696 3074 ut
1725 3022 2013 3076 alluviones
2041 3020 2212 3073 Maris
2242 3016 2401 3071 nostri
2443 3038 2497 3071 o-

542 3092 810 3149 stendam?
857 3097 1081 3152 Concha
1122 3098 1232 3169 ipsa
1262 3099 1397 3152 Vrbs
1437 3099 1570 3152 olim
1610 3097 1818 3152 decimo
1859 3099 2059 3173 Lapide
2101 3099 2196 3153 vix
2239 3096 2305 3151 ab
2347 3096 2494 3152 Vrbe

540 3171 710 3227 nostra
736 3171 922 3228 distans
942 3214 960 3245 ‚
1000 3175 1051 3229 δε
1079 3175 1145 3232 ad
1173 3176 1537 3233 Crustumium
1563 3177 1788 3232 fiuvium
1815 3177 1982 3251 posita
2023 3195 2196 3233 nonne
2226 3193 2270 3306 Sa
2311 3174 2493 3229 multis

2264 3271 2412 3309 aecu-

556 3428 631 3478 (a)
662 3430 832 3469 Strabon.
853 3429 940 3470 L2'5.
960 3443 998 3468 v.
1014 3432 1218 3486 Geograph.
1271 3435 1428 3489 Dionffi
1441 3437 1691 3490 Halicaemafi
1714 3436 1907 3489 Antiqait.
1920 3438 2080 3475 Roman.
2100 3429 2186 3472 Lib.
2203 3444 2237 3472 1.
