2643 4060
493 188 977 267 AESTUS
1059 176 1782 260 MARITIMI.
1929 198 2005 272 71

155 342 296 398 ‚hanc
328 336 488 393 Alvei
530 336 886 392 elevationem
911 370 927 401 ,
971 332 1068 384 Vir
1110 347 1288 386 acutus
1329 349 1495 405 quum
1530 329 1659 385 talia
1701 329 1755 383 in
1789 328 1990 384 Baltico
2018 330 2105 385 suo

160 417 395 475 accidere
425 433 529 470 non
555 411 867 470 observaffet
885 450 903 480 ,
929 407 1016 464 sed
1045 412 1218 483 potius
1246 412 1508 465 contraria
1526 449 1542 477 ,
1575 408 1799 481 deprimi
1829 406 2021 463 scilicet
2051 408 2109 463 il·

157 497 260 551 leic
290 498 442 549 Mare
471 495 521 547 8<
550 493 759 561 minui,
801 505 1202 563 argumentatus
1245 507 1431 543 veram
1477 487 1576 542 effe
1618 485 1912 540 doarinam
1955 487 2107 541 illam

155 574 732 644 Newtonianam,qua
763 568 1107 640 intelligimus
1124 569 1305 623 omnia
1337 565 1522 621 sensim
1550 563 1726 618 versus
1739 567 2107 636 Aequatorem

156 653 421 706 confluere
448 689 464 718 ,
505 652 554 703 8<
590 649 774 721 majori
806 646 1019 720 quidem
1051 647 1334 700 velocitate
1376 645 1425 696 8<
1452 643 1787 716 proportione
1830 644 1884 695 in
1925 644 2107 698 nostris

161 728 518 802 RegionibuS,
559 747 692 800 quae
723 725 1016 799 Aequatori
1044 723 1159 778 sunt
1188 724 1652 797 proquinquiores,
1693 740 1853 794 quam
1897 722 1951 776 in
1978 722 2106 791 suiS,

160 825 295 880 quae
325 808 390 862 ab
419 805 528 879 ipso
559 807 866 860 remotiores
892 805 939 856 &
971 804 1105 855 Polis
1137 804 1375 869 vicinae,
1406 817 1460 854 ut
1478 800 1673 853 Globus
1688 802 2024 874 Terraqueus
2052 803 2107 856 in

148 885 262 938 dies
291 885 355 938 ad
385 883 761 958 Sphaeroidem
791 883 1013 955 figuram
1056 881 1111 934 in
1140 881 1276 934 Polis
1320 881 1486 952 magis
1526 879 1922 951 complanatam
1964 899 2106 933 acce--

147 961 243 1016 dat
263 1002 279 1031 ,
319 978 377 1016 ut
408 962 676 1030 tamdem,
704 979 759 1015 ut
789 981 886 1035 ego
915 959 1126 1034 quidem
1155 960 1382 1015 arbitror
1405 997 1421 1025 ,
1461 958 1495 1010 s1
1524 957 1656 1011 haec
1681 976 1808 1011 vera
1834 956 1963 1023 lint,
2005 959 2106 1010 Or-

148 1040 231 1094 bis
261 1043 599 1114 Terraqueus
642 1059 707 1094 no
731 1059 762 1092 n
791 1040 1014 1113 amplius
1041 1038 1237 1092 Globus
1263 1077 1279 1105 ,
1321 1036 1406 1091 sed
1431 1054 1625 1108 magna
1651 1037 1793 1087 Rota
1834 1034 2105 1091 videatur.

146 1119 356 1172 -Verum
399 1118 649 1193 quicquid
689 1118 749 1171 fit
792 1118 856 1171 de
899 1117 997 1171 hac
1030 1136 1085 1171 re
1113 1156 1129 1184 ,
1171 1135 1237 1170 ex
1265 1112 1713 1168 observationibus
1739 1110 2108 1165 concludamus

148 1195 276 1251 licet
309 1199 467 1252 Mare
501 1196 731 1250 nostrum
774 1197 826 1249 in
870 1195 977 1249 dies
1021 1196 1076 1247 in
1110 1195 1285 1248 Alveo
1313 1192 1401 1244 suo
1441 1192 1596 1244 altius
1624 1188 1880 1262 assurgere
1910 1228 1926 1256 ,
1968 1189 2106 1262 quod

149 1274 200 1330 ,ἃ
217 1275 550 1328 Fluminibus
575 1275 825 1326 omnibus
850 1290 943 1344 per
957 1272 1072 1326 loca
1086 1272 1244 1344 plana
1271 1269 1674 1325 discurrentibus
1698 1267 1772 1324 est
1793 1286 2102 1326 commune.

535 1428 1480 1485 SCHOLIVM
1582 1426 1705 1478 III.

342 1581 543 1637 Idimus
568 1584 622 1637 in
650 1581 992 1656 superioribus
1018 1585 1175 1637 Mare
1203 1579 1438 1635 nostrum
1463 1579 1615 1634 velut
1647 1597 1901 1653 magnum
1918 1578 2108 1635 Fluen-

368 1677 481 1716 tum
512 1681 699 1717 revera
725 1666 916 1729 fluere,
958 1662 1006 1713 8<
1034 1663 1087 1713 in
1117 1660 1270 1714 alveo
1300 1658 1388 1712 suo
1430 1659 1635 1727 attolli,
1680 1677 1842 1733 quare
1885 1673 2106 1730 apparet

142 1739 195 1791 ὃ(
224 1739 315 1812 ipsi
349 1740 576 1813 reliquas
610 1741 925 1794 Fluminum
952 1739 1304 1813 Proprietates
1342 1739 1625 1791 convenire
1652 1776 1669 1805 ,
1711 1737 1872 1791 Alvei
1912 1754 2106 1809 nempe

146 1818 521 1873 ‚Mutationem
548 1859 564 1888 ,
608 1818 982 1872 Corrosionem
1009 1858 1025 1886 ,
1068 1818 1417 1872 Alluvionem
1443 1854 1454 1867 .
1501 1818 1586 1870 De
1628 1816 1802 1888 prima
1843 1815 1962 1868 heic
2004 1814 2106 1887 pri-

142 1912 294 1947 mum
330 1896 492 1951 verba
523 1896 775 1952 faciemus
803 1936 818 1963 ,
861 1915 1028 1966 quum
1072 1916 1139 1949 ex
1167 1894 1275 1967 ipsa
1319 1896 1551 1964 reliquae
1587 1893 1756 1947 veluti
1797 1891 2060 1963 pendeant
2079 1927 2102 1945 -.

146 1973 377 2043 Quando
405 1990 589 2026 autem
619 1973 735 2025 dico
779 1974 936 2025 Mare
968 1971 1209 2022 Alveum
1238 1970 1386 2021 suum
1429 1986 1637 2027 mutare
1681 1969 1733 2021 id
1774 1966 2107 2025 intellec‘wm

146 2050 304 2118 vo10,
345 2069 451 2103 non
481 2050 620 2123 quod
652 2051 870 2102 omnino
900 2063 1072 2103 mutet
1116 2048 1163 2100 8<
1192 2066 1287 2120 per
1313 2047 1523 2115 omnia,
1566 2044 1652 2099 sed
1681 2062 1888 2100 tanturn
1916 2047 2105 2100 identi-

145 2126 300 2194 dem,
342 2129 391 2180 8<
409 2128 718 2200 quibusdam
746 2128 800 2181 in
828 2127 983 2195 lociS,
1024 2126 1100 2179 ita
1120 2142 1176 2179 ut
1207 2125 1295 2177 ubi
1323 2141 1482 2177 antea
1517 2139 1631 2179 erat
1661 2126 1850 2191 Mare,
1878 2142 2013 2177 nunc
2042 2124 2104 2178 fit

144 2207 355 2273 Terra,
398 2207 447 2259 8<
477 2208 563 2259 ubi
606 2222 763 2260 antea
805 2221 919 2260 erat
946 2206 1153 2271 Terra,
1197 2202 1353 2256 modo
1380 2201 1440 2254 sit
1473 2204 1628 2255 Mare
1658 2219 1675 2272 3
1719 2201 1884 2273 quue
1911 2203 2103 2275 potiffi-

142 2300 294 2337 mum
329 2283 443 2338 fieri
486 2304 554 2338 ex
597 2283 805 2357 aggesta
848 2300 990 2338 terra
1031 2283 1266 2354 limoque
1310 2278 1375 2333 ad
1415 2279 1520 2349 ejus
1547 2281 1712 2354 Ripas
1753 2280 1804 2331 8<
1832 2281 1980 2333 Sinus
2007 2319 2023 2348 ,
2064 2279 2101 2332 fi

141 2360 313 2433 ipsum
346 2362 588 2432 recedat,
612 2362 701 2416 vel
729 2382 797 2416 ex
826 2361 1115 2415 Alluvione
1160 2375 1377 2433 propter
1405 2358 1568 2413 Alvei
1597 2358 1986 2426 elevationem,
2014 2357 2099 2412 vel

140 2457 211 2493 ex
235 2441 580 2507 Corrofione,
620 2439 655 2492 fi
684 2437 853 2512 ipsum
883 2442 1082 2493 Terras
1113 2437 1474 2512 ingrediatur,
1516 2436 1566 2488 8<
1598 2435 1768 2508 Aquis
1796 2433 1893 2489 suis
1920 2454 2101 2509 perpe-

139 2531 234 2570 tuo
267 2519 561 2590 compleat.
593 2520 752 2572 Mare
784 2535 913 2572 vero
943 2516 1164 2571 Acceffu
1191 2515 1278 2570 vel
1302 2513 1522 2569 Receffu
1550 2530 1758 2568 mutare
1790 2513 1964 2568 locum
1990 2533 2099 2567 oni-

138 2594 292 2647 nibus
320 2594 393 2648 est
423 2612 641 2664 notum,
682 2614 846 2668 quum
875 2596 939 2650 ab
968 2593 1246 2650 Herodoto
1273 2590 1381 2666 ipso
1410 2610 1567 2665 atque
1597 2592 1661 2646 ab
1680 2591 1961 2646 Aristotele
1992 2593 2097 2645 Ae-

141 2689 335 2745 gyptus
360 2674 580 2727 Donum
609 2675 731 2727 Nili
760 2674 996 2741 dicatur,
1039 2671 1140 2747 (a)
1184 2687 1240 2726 ut
1282 2671 1345 2727 de
1373 2671 1487 2724 aliis
1516 2670 1839 2743 Regionibus
1880 2669 1982 2723 dici
2008 2688 2097 2742 po-

139 2749 268 2817 test,
294 2770 428 2823 quae
462 2772 530 2807 ex
561 2752 867 2807 Sedimento
893 2751 1203 2804 fluminum
1233 2746 1404 2804 faciae
1433 2747 1548 2803 sunt
1577 2747 1834 2820 majores;
1880 2751 1963 2802 Ita
1992 2748 2096 2802 alia

142 2827 258 2881 loca
286 2847 423 2884 nunc
450 2846 596 2885 tenet
627 2834 814 2899 Mare,
855 2831 911 2883 in
942 2830 1127 2902 quibus
1154 2828 1285 2881 olim
1316 2830 1554 2895 Terrae,
1580 2828 1881 2900 Campique
1912 2842 2094 2881 erant.

144 2908 348 2959 Verum
390 2910 509 2964 heic
550 2925 762 2962 tantum
804 2908 1105 2961 notabimus
1149 2924 1234 2960 eas
1264 2906 1629 2971 Mutationes,
1672 2923 1798 2975 quas
1827 2906 1980 2957 Mare
2009 2922 2096 2957 no-

144 2982 307 3038 strum
335 2987 471 3059 apud
500 3006 591 3042 nos
618 2987 742 3042 fecit
768 3026 784 3054 ,
824 2987 874 3038 8<
901 3005 1002 3058 qua
1033 2985 1244 3040 ratione
1272 3024 1285 3037 .
1331 2982 1491 3055 Apud
1532 3001 1622 3036 nos
1664 2981 1877 3054 quidem
1907 3000 2095 3036 revera

145 3065 302 3118 Mare
332 3066 534 3120 receffit
563 3106 578 3134 ,
622 3064 759 3138 quod
801 3063 1074 3119 manifesto
1102 3061 1511 3137 deprehenditur
1551 3079 1619 3114 ex
1646 3061 1810 3113 Turri
1851 3059 1901 3112 8<
1933 3062 2092 3113 Muro

147 3143 352 3214 antiqui
379 3144 537 3197 nostri
569 3146 752 3198 Portus
779 3183 794 3211 ,
836 3162 971 3216 quae
1012 3143 1194 3197 omnia
1236 3139 1393 3194 hodie
1439 3159 1468 3192 a
1510 3138 1740 3212 pluribus
1782 3136 1994 3193 saeculis
2035 3139 2092 3193 in

146 3217 274 3272 sicco
316 3222 578 3277 inutiliter
623 3223 843 3278 haerent
870 3261 886 3291 ,
928 3239 1092 3295 quum
1134 3236 1291 3276 antea
1325 3220 1550 3277 *Portum
1592 3215 1713 3273 satis
1752 3215 2091 3273 commodum

342 3340 344 3342 .
1842 3295 2014 3349 Navi-

177 3387 251 3437 (ει)
282 3387 455 3426 Hei-odor.
485 3386 635 3428 Lib.ll.
665 3400 821 3429 ›mm-v.
849 3386 959 3438 Arist.
989 3383 1120 3427 LibJ.
1151 3383 1385 3436 Meteorolog.
1414 3394 1570 3437 cap.14.
