2643 4060
121 373 940 566 PARS
1015 411 2064 681 PRIMA

683 643 1505 685 ‘QQQQQQQQ

437 762 966 837 CAPVT
1086 761 1758 853 PRIMVM

237 926 340 984 DE
383 925 817 982 SEDIMENTO
862 926 1097 980 MARIS
1149 938 1238 980 AD
1282 926 1554 980 LITTVS
1600 925 1952 979 ARIMINI.

323 1117 608 1189 Ntequam
646 1114 709 1170 de
752 1115 963 1189 singulis
1003 1115 1154 1171 rebus
1194 1115 1309 1169 dico
1362 1133 1586 1187 quarum
1640 1115 1694 1167 in
1737 1112 2068 1170 Praefatione

363 1195 696 1248 mentionem<
733 1193 834 1249 feci
860 1233 878 1262 ‚
918 1193 982 1247 de
1025 1193 1328 1248 Sedimento
1357 1194 1526 1246 Maris
1566 1191 1631 1246 ad
1670 1193 1844 1246 Littus
1871 1193 2069 1246 Arimi-

360 1269 516 1326 nense
559 1272 857 1345 generatim
881 1269 1190 1325 dicendum.
1235 1270 1490 1344 Pleraque
1529 1271 1674 1324 enim
1717 1271 1770 1323 in
1798 1269 1906 1343 ipso
1932 1289 2067 1342 quae

120 1363 238 1405 tota
264 1347 370 1404 hac>
392 1346 708 1404 trafflatione
738 1346 1066 1403 absolvemus
1083 1388 1099 1418 ,
1126 1349 1487 1422 reperiuntur.
1532 1347 1826 1403 Sedimenti
1853 1350 2067 1403 nomine

121 1426 225 1483 hoc
251 1427 366 1482 loco
407 1428 649 1481 Arenam
676 1425 965 1501 quamdam
992 1427 1337 1501 intelligimus
1375 1427 1521 1481 omni
1549 1427 1887 1480 Concharum
1914 1445 2069 1500 gene-

123 1523 213 1574 re,
241 1506 293 1558 8<
318 1506 707 1561 Vmbilicorum
734 1504 1121 1560 refertissimam
1149 1544 1166 1573 ,
1207 1504 1293 1559 seu
1332 1524 1400 1558 ex
1425 1503 1565 1558 testis
1591 1505 1933 1559 Concharum
1961 1523 2073 1558 ma·-

124 1582 300 1655 jorum
325 1580 535 1652 fraffls,
575 1584 625 1636 8<
652 1603 719 1638 ex
747 1583 981 1636 minimis
998 1582 1260 1652 ConchiS‚
1301 1584 1351 1635 &
1379 1581 1626 1636 Cochleis
1653 1583 1812 1637 variis
1839 1581 2069 1636 constan-

122 1675 267 1728 tem,
294 1660 432 1734 quod
455 1663 667 1716 Arenae
696 1679 855 1734 genus
882 1659 1193 1734 plerumque
1223 1660 1288 1716 ad
1315 1660 1474 1716 undas
1490 1660 1657 1714 Maris
1683 1659 1877 1733 prostat
1904 1660 2070 1733 jisque

125 1737 376 1808 alluitur,
415 1737 721 1811 praesertim
764 1740 818 1792 in
847 1738 1183 1810 ejus-Fluxu.
1227 1741 1380 1794 Haec
1410 1740 1590 1793 Arena
1618 1735 1704 1793 seu
1731 1740 1902 1812 potius
1929 1738 2069 1792 Sedi-

126 1831 372 1870 mentum
398 1818 563 1886 majus
591 1815 662 1871 est
689 1817 961 1884 minusve,
1000 1817 1051 1869 3<
1078 1816 1344 1871 interdum
1385 1816 1588 1870 nullum
1629 1834 1732 1888 pror
1762 1818 1911 1871 varia
1940 1832 2070 1870 tem-

124 1891 388 1966 pestatum
415 1931 432 1959 ‚
472 1893 522 1944 8<
546 1894 897 1964 procellarum
925 1895 1156 1949 ratione.
1199 1893 1431 1947 Nullum
1458 1892 1529 1947 est
1556 1894 1693 1948 irato
1720 1912 1897 1962 mare,
1939 1894 1987 1945 ὃ(
2015 1894 2069 1947 in

125 1967 236 2043 ipsa
260 1968 610 2043 procellarum
650 1970 963 2043 tempestate
991 2009 1005 2024 .
1047 1971 1301 2023 Abundat
1328 1989 1455 2025 vero
1483 1970 1768 2042 tranquillo
1795 1972 1844 2023 8<
1871 1969 2070 2025 exafflis

124 2047 367 2122 procellis
393 2087 410 2117 ,
450 2045 739 2120 sensimque
779 2046 996 2121 placidis
1034 2046 1184 2101 undis
1226 2046 1291 2101 ad
1330 2048 1504 2103 Littus
1544 2046 1824 2121 deponitur
1848 2089 1864 2117 ,
1905 2048 2062 2121 idque

124 2123 437 2199 praesertim
467 2124 577 2199 post
601 2125 901 2180 Novilunia
925 2164 942 2194 ,
982 2125 1032 2178 8<
1059 2124 1351 2181 Plenilunia
1377 2165 1394 2194 ‚
1435 2144 1601 2199 quum
1640 2124 1779 2181 hisce
1821 2127 2069 2198 tempori-

124 2205 219 2257 bus
245 2242 262 2271 ,
301 2218 359 2260 ut
384 2221 567 2260 omnes
592 2219 816 2273 norunt,
857 2201 1080 2275 majores
1106 2204 1268 2258 Venti
1295 2243 1311 2272 ,
1352 2203 1833 2277 frequentioresque
1871 2203 2070 2276 procel·

124 2281 207 2337 lae
236 2282 292 2334 in
320 2299 467 2336 mare
495 2280 795 2353 assurgant,
835 2299 970 2353 quae
998 2297 1114 2334 tum
1141 2297 1197 2335 ut
1220 2280 1439 2335 fundum
1467 2282 1571 2352 ejus
1595 2300 1756 2353 prope
1787 2282 1933 2334 littus
1959 2299 2069 2334 ma-

123 2359 202 2432 gis
243 2359 546 2412 concutiunt
571 2398 588 2426 ,
627 2360 678 2410 8<
705 2373 1044 2412 commovent
1069 2397 1085 2426 ,
1126 2359 1202 2411 ita
1251 2358 1592 2412 Animalcula
1631 2357 1740 2429 ipsa
1782 2357 1922 2412 testis
1963 2359 2074 2412 illis.

123 2451 373 2490 contenta
401 2435 514 2489 loco
541 2434 628 2488 suo
658 2434 931 2489 dimovent
968 2451 1025 2489 ut
1054 2434 1367 2490 suffocentur
1385 2475 1401 2504 ‚
1442 2436 1766 2502 moriantur,
1809 2452 1965 2508 atque
1993 2437 2074 2490 in=

123 2514 186 2569 de
215 2511 443 2569 secundis
471 2511 710 2567 flufflibus
738 2511 808 2567 ad-
829 2514 1002 2567 Littus
1028 2511 1199 2586 ipsum
1229 2511 1588 2586 asportentur,
1630 2514 1681 2566 8<
1703 2512 2068 2568 Sedimentum

124 2591 223 2646 hoc
255 2589 485 2644 nostrum
511 2605 859 2664 componant.
901 2590 1155 2647 Mirabile
1197 2589 1316 2646 sane
1357 2590 1430 2646 est
1468 2589 1762 2664 hujusmodi
1803 2591 2067 2646 Sedimen-

124 2683 244 2721 tum
298 2669 354 2721 in
393 2669 633 2722 omnibus
671 2669 794 2723 locis
834 2669 1119 2722 maritimis
1144 2708 1161 2738 ,
1201 2687 1305 2722 non
1340 2684 1550 2724 tantum
1590 2685 1807 2742 propter
1845 2669 2066 2740 majores

126 2745 277 2801 testas
294 2786 309 2815 ‚
350 2764 478 2819 quas
500 2747 792 2819 permixtas
817 2745 1010 2815 habet,
1050 2765 1289 2820 quaeque
1316 2747 1371 2799 in
1398 2745 1472 2800 sui
1499 2746 1907 2802 admi—rationem
1935 2745 2064 2801 sum-

127 2843 240 2878 mos
264 2824 448 2892 Viros,
488 2839 546 2877 ut
572 2823 800 2878 diximus
826 2824 882 2877 in
907 2824 1266 2898 praefatione,
1293 2822 1500 2898 semper
1528 2841 1804 2880 traxerunt
1821 2864 1836 2894 ‚
1878 2822 1964 2878 sed
1990 2840 2063 2879 et-

129 2903 238 2957 iam
265 2916 482 2975 propter
506 2901 622 2956 illas
647 2903 894 2956 minimas
921 2899 1251 2970 ConehulaS‚
1278 2902 1328 2955 8<
1353 2902 1664 2957 Cochleolas
1691 2943 1704 2956 .
1747 2904 1825 2957 At
1850 2918 2066 2974 propter

132 2979 247 3033 istas
272 2998 396 3054 prae
424 2981 611 3034 ceteris
650 2979 959 3034 admirabile
988 2978 1060 3034 est
1086 2979 1449 3034 Sedimentum
1472 2978 1839 3047 Ariminense,
1865 2995 1920 3032 ut
1948 2998 2062 3033 cen-

129 3074 245 3113 tum
271 3075 470 3131 genera
493 3059 542 3112 8<
566 3058 702 3112 ultra
728 3058 920 3111 horum
945 3076 1221 3130 corporum
1248 3058 1621 3124 minimorum,
1647 3075 1872 3129 quorum
1897 3056 2064 3129 plera·-

129 3154 231 3208 que
259 3133 488 3204 intaffla,
528 3137 579 3189 δε
605 3136 660 3189 in
684 3136 855 3191 Libris
881 3154 986 3189 non
1011 3133 1217 3208 depifia
1243 3135 1509 3189 contineat
1535 3175 1548 3188 .
1592 3137 1736 3188 Cum
1763 3133 2066 3190 Sedimento

130 3213 452 3268 Ariminensi
478 3215 699 3269 minime
727 3213 942 3286 quidem
968 3212 1378 3288 comparandum
1406 3212 1477 3267 est
1513 3212 1647 3266 illud
1685 3213 1911 3267 aliarum
1938 3215 2061 3268 vici-

130 3307 319 3343 narum
342 3291 599 3360 Vrbium,
639 3289 933 3346 Pisaurense
961 3310 1150 3363 nempe
1169 3331 1185 3359 ,
1213 3289 1536 3358 Cerviense,
1563 3293 1829 3346 Venetum
1858 3289 2022 3363 ipsum
2039 3309 2058 3361 3

131 3368 429 3442 quinimmo
469 3388 639 3444 neque
679 3369 808 3425 illud
848 3368 1012 3425 Inferi
1039 3370 1208 3425 Maris
1234 3407 1251 3439 ‚
1290 3385 1348 3424 ut
1375 3389 1442 3426 ex
1471 3369 1561 3423 illo
1603 3388 1670 3424 ex
1696 3370 1899 3423 Littore
1928 3371 2064 3423 Cen·

1856 3464 1991 3501 tum-
