2643 4060
643 227 737 311 76
1050 217 1994 294 SPECIMEN

537 368 710 423 wardi
738 366 974 435 Affecla‚
999 379 1058 418 ut
1084 363 1177 418 has
1204 363 1452 419 minutias
1479 365 1702 437 pandaS,
1745 381 1894 420 tanto
1923 378 2211 439 apparatu,
2241 367 2292 421 8(
2321 373 2473 424 tanta

536 446 666 500 sacri
693 445 903 500 Codicis
929 445 978 496 8(
1004 441 1402 515 Prophanorum
1435 443 1757 516 Scriptorum
1789 441 2124 499 Aufitoritate
2141 484 2156 512 ,
2188 463 2353 517 quum
2379 448 2480 500 hoc

538 539 713 578 totum
740 538 854 577 tam
879 520 1021 575 facili
1049 520 1292 593 negotiO,
1320 520 1370 572 8(
1395 518 1501 572 solo
1532 522 1760 577 naturali
1792 522 1961 575 Maris
1989 522 2182 576 recessu
2210 523 2364 594 poffit
2392 540 2481 576 ex-

538 601 725 674 plicari
754 600 773 655 ἓ
819 602 1025 655 Verum
1051 616 1180 671 pace
1206 596 1396 650 horum
1419 598 1653 653 virorum
1681 600 1854 653 dicam
1884 618 2005 652 cum
2033 602 2324 668 Terenti0,
2354 599 2483 654 dum

538 680 670 734 haec
698 693 847 734 acute
878 677 1048 731 dicere
1075 674 1354 744 videntur,
1394 694 1494 730 nae
1527 676 1728 731 faciunt
1757 677 2106 749 intelligendo
2149 693 2207 730 ut
2233 677 2368 731 nihil
2409 678 2484 730 in—

538 757 788 830 telligant
815 796 829 809 .
872 758 1026 809 Nam
1066 753 1227 826 probe
1270 753 1327 805 in
1367 753 1604 807 medium
1646 756 1801 809 Sacer
1842 755 2032 808 Codex
2079 754 2393 823 adducitur,
2434 755 2485 807 8(

536 835 701 906 probe
731 834 896 889 etiam
923 832 1147 888 aliarum
1176 831 1433 884 Gentium
1474 830 1685 886 fabulae
1729 833 2018 887 afferuntur
2044 870 2060 900 ‚
2100 851 2232 904 quae
2276 853 2307 887 a
2347 832 2491 886 veris'

533 911 792 966 Historiis
819 910 962 964 Sacri
993 907 1207 962 Codicis
1233 907 1445 962 fuerunt
1474 908 1714 965 detortae
1732 949 1748 977 ,
1790 911 1839 962 8(
1865 909 2184 982 depravatae
2212 949 2229 977 ,
2269 927 2396 962 nam
2425 910 2486 962 li-

538 1006 624 1044 cet
652 990 728 1044 ita
756 988 993 1043 detortae
1036 986 1086 1038 8(
1114 984 1433 1058 depravatae
1460 1026 1476 1054 ,
1521 985 1826 1040 consensum
1852 1002 2034 1042 tamen
2063 986 2348 1058 quemdam
2376 987 2486 1041 uni-

536 1067 800 1122 versalem
828 1066 1069 1118 omnium
1087 1063 1409 1135 Populorum
1440 1062 1503 1118 de
1530 1065 1757 1119 veritate
1774 1064 1984 1118 Diluvii
2012 1063 2313 1119 ostendunt.
2346 1067 2488 1136 Qua-

537 1163 596 1200 re
624 1143 840 1199 admissa
866 1145 1093 1197 veritate
1120 1141 1360 1210 Diluvii,
1402 1159 1565 1213 quam
1592 1160 1750 1196 nemo
1778 1140 1924 1196 sanus
1966 1143 2017 1196 8(
2045 1143 2161 1214 pius
2203 1157 2396 1215 negat,
2438 1142 2488 1194 8(

538 1222 709 1276 fimul·
733 1219 950 1276 admiffo
979 1216 1223 1273 consensu
1250 1219 1492 1271 omnium
1518 1220 1839 1292 Populorum
1856 1259 1873 1289 ,
1900 1220 2038 1293 quod
2065 1220 2295 1275 multum
2323 1220 2489 1274 etiam

539 1299 644 1369 est,
684 1313 902 1372 apparet
931 1295 1268 1352 Noachicum
1298 1296 1702 1367 Cataclysmum
1747 1313 1935 1369 quater
1967 1298 2176 1351 circiter
2212 1297 2359 1353 mille
2401 1314 2488 1351 an-

538 1379 623 1432 nis
650 1377 873 1430 abheinc
900 1372 1201 1444 contigisse,
1229 1390 1367 1425 anno
1384 1370 1582 1427 scilicet
1610 1373 1889 1428 millesimo
1905 1373 2325 1446 quingentesimo
2341 1374 2490 1445 quin‘

541 1452 849 1527 quagesimo
878 1450 1029 1505 sexto
1057 1449 1121 1501 ab
1150 1449 1295 1502 Orbe
1322 1448 1530 1502 condito
1557 1488 1571 1502 .
1617 1450 1773 1525 Quod
1801 1466 2010 1521 tempus
2038 1467 2195 1503 omne
2223 1469 2252 1503 a
2281 1449 2492 1503 condito

538 1529 805 1592 ,Vniverso
846 1528 937 1583 sex
965 1527 1135 1581 millia
1163 1528 1446 1579 Annorum
1487 1544 1590 1579 non
1618 1526 1828 1580 excedit
1853 1566 1869 1595 ,
1905 1527 1942 1579 fi
1973 1529 2217 1581 Textum
2260 1528 2487 1581 Hebrai-

543 1628 667 1664 cum
693 1648 709 1677 ,
750 1609 800 1660 8(
825 1606 1118 1679 Vulgatam
1145 1603 1455 1658 Verfionem
1495 1605 1639 1657 Sacri
1666 1603 1879 1658 Codicis
1920 1602 2201 1677 sequamur
2227 1643 2243 1672 ‚
2283 1606 2332 1657 8(
2371 1601 2490 1660 octo

541 1687 717 1741 millia
745 1702 1002 1739 annorum
1030 1699 1134 1735 non
1161 1680 1426 1755 superabit
1452 1681 1486 1734 si
1524 1696 1679 1736 LXX.
1697 1685 2060 1755 Interpretum
2086 1679 2394 1738 Leffionem
2421 1680 2493 1737 se·-

542 1781 800 1836 quemur.
847 1766 1026 1838 Qare
1055 1775 1274 1833 apparet
1302 1776 1510 1832 tempus
1553 1777 1779 1832 quatuor
1807 1761 2036 1815 millium
2067 1762 2347 1814 Annorum
2381 1758 2494 1833 post

541 1841 803 1897 diluvium
828 1859 932 1894 non
959 1838 1186 1893 sufficere
1214 1836 1279 1892 ad
1306 1838 1585 1892 Receffum
1604 1839 1770 1893 Maris
1799 1858 1829 1893 a
1857 1838 2133 1893 Montibus
2160 1838 2491 1909 Apennini8‚

544 1938 718 1991 neque
748 1917 962 1973 sufficiet
990 1934 1196 1989 tempus
1223 1915 1527 1971 universum
1561 1932 1715 1972 LXX.
1734 1920 2130 1990 Interpretum,
2169 1916 2297 1970 licet
2323 1916 2492 1970 decies

542 1996 714 2051 fuisset
742 1995 974 2065 longiuS.
1018 1996 1173 2046 Nam
1199 2010 1363 2063 quum
1391 1997 1548 2044 Mare
1590 1994 1655 2045 ab
1684 1995 1826 2046 Vrbe
1853 1994 2026 2045 nostra
2066 1993 2234 2064 spatio
2261 1993 2489 2046 duorum

541 2072 778 2129 millium
807 2073 1087 2125 Annorum
1117 2069 1167 2119 &
1194 2066 1418 2140 amplius
1442 2107 1459 2136 ,
1498 2086 1567 2123 ex
1596 2086 1699 2140 quo
1738 2065 1935 2123 scilicet
1976 2071 2346 2123 Romanorum
2388 2072 2492 2124 Co-

541 2152 688 2205 lonia
727 2149 832 2204 huc
858 2145 1079 2204 deducta
1108 2143 1210 2215 est,
1252 2146 1349 2199 vix
1390 2163 1451 2199 ac
1490 2163 1556 2198 ne
1586 2146 1679 2199 vix
1708 2145 1923 2218 quidem
1961 2146 2111 2200 mille
2139 2146 2305 2219 passus
2334 2147 2494 2203 reces-

543 2228 699 2297 serit,
740 2229 789 2281 8(
818 2246 848 2281 a
873 2228 1171 2291 Ravenna,
1212 2223 1301 2276 ubi
1328 2221 1498 2293 major
1525 2220 1595 2278 est
1620 2223 1864 2278 Recessus
1892 2263 1908 2292 ‚
1949 2224 2044 2278 vix
2086 2225 2151 2279 ad
2192 2225 2297 2278 tria
2324 2225 2497 2279 millia

544 2306 781 2380 passuum
808 2303 1106 2371 recesserit,
1147 2302 1197 2354 8(
1223 2319 1387 2373 quum
1414 2302 1710 2357 Cacumina
1742 2302 2148 2374 Apenninorum
2186 2316 2401 2357 XXXV.
2444 2304 2495 2355 8(

545 2384 756 2438 fortasse
805 2398 912 2436 XL.
942 2380 1112 2434 millia
1140 2379 1375 2452 passuum
1418 2396 1447 2431 a
1475 2379 1621 2431 Mari
1650 2377 1822 2433 nostro
1863 2378 2054 2434 distent
2080 2419 2096 2448 ,
2136 2394 2285 2453 patet
2324 2379 2495 2435 talem

542 2459 824 2515 Receffum
851 2459 1020 2512 Maris
1063 2478 1092 2512 a
1121 2458 1319 2512 vertice
1361 2455 1574 2509 illorum
1604 2458 1876 2511 Montium
1902 2497 1918 2526 ‚
1958 2476 2024 2511 ne
2067 2456 2234 2529 spatio
2276 2456 2497 2529 quidem

553 2552 765 2593 LXXX.
783 2537 1015 2590 millium
1043 2552 1303 2589 annorum
1331 2534 1444 2588 fieri
1472 2534 1688 2606 potuisse
1705 2574 1717 2588 .
1764 2538 1916 2610 Qae
1934 2536 2100 2588 Aetas
2127 2534 2296 2589 decies
2323 2536 2372 2587 8(
2389 2553 2499 2590 am-

550 2616 687 2689 plius
714 2615 882 2686 major
907 2613 979 2668 est
1006 2652 1020 2682 ‚
1062 2630 1223 2686 quam
1250 2627 1394 2666 aetas
1420 2611 1661 2666 Vniverfi
1679 2651 1694 2680 ,
1735 2613 1900 2667 etiam
1925 2610 2076 2683 juxta
2098 2610 2408 2667 Verfionem
2438 2613 2497 2667 il-

545 2694 658 2749 lam
694 2708 850 2748 LXX.
881 2694 1240 2764 Interpretum
1260 2729 1272 2742 .
1318 2693 1498 2765 Quare
1523 2688 1802 2744 dicendum
1831 2689 2131 2761 Conchylia
2158 2689 2250 2745 illa
2268 2728 2285 2758 ‚
2312 2690 2362 2743 8(
2389 2708 2500 2746 ma-

544 2774 687 2826 rinas
714 2770 930 2825 exuvias
955 2770 1128 2824 varias
1154 2807 1169 2836 ,
1212 2785 1346 2840 quae
1389 2767 1444 2820 in
1486 2766 1587 2820 illis
1615 2767 1893 2822 Montibus
1934 2769 2267 2840 reperiuntur
2310 2783 2498 2841 quater

548 2849 772 2906 abheinc
804 2847 949 2901 mille
981 2847 1129 2900 annis
1157 2865 1186 2900 a
1213 2845 1436 2900 Diluvio
1463 2844 1743 2899 Noachico
1784 2846 1891 2899 illic
1915 2845 2060 2900 fuisse
2093 2844 2414 2918 asportataS‚
2441 2859 2501 2899 ut

550 2928 689 2982 ratio
729 2926 872 2979 Sacri
903 2923 1112 2977 Codicis
1139 2964 1154 2993 ‚
1196 2922 1245 2974 8(
1279 2920 1570 2977 consensus
1609 2922 1718 2977 sere
1759 2924 1999 2976 omnium
2028 2922 2345 2995 Populorum
2386 2920 2498 2977 sua-

553 3006 674 3073 det,
716 3003 856 3076 quod
896 3003 945 3054 8(
972 3000 1159 3057 diserte
1187 3000 1431 3074 probavit
1456 2999 1837 3054 Woodvvardus
1879 3016 2060 3054 contra
2101 2998 2340 3053 Fabellas
2381 3001 2500 3055 illas

550 3082 802 3150 Burneti‚
829 3098 956 3153 quas
979 3078 1069 3134 iste
1100 3098 1130 3133 a
1157 3078 1383 3134 Patricio
1412 3077 1581 3132 nostro
1609 3077 1897 3133 detorserat
1922 3118 1934 3131 .
1978 3080 2102 3131 Huc
2131 3075 2260 3132 adde
2289 3076 2499 3133 univer·

550 3158 662 3215 sum
691 3158 1151 3215 Mediterraneum
1178 3159 1332 3211 Mare
1375 3174 1477 3208 una
1517 3175 1636 3209 cum
1665 3156 1867 3209 Sinibus
1895 3154 1992 3209 suis
2034 3155 2274 3209 omnibus
2315 3174 2496 3212 recens

561 3236 767 3304 videri,
808 3236 978 3289 multo
1018 3253 1209 3308 nempe
1252 3232 1361 3307 post
1388 3233 1727 3286 Noachicum
1752 3234 2151 3305 Cataclysmum
2182 3247 2368 3287 natum
2408 3233 2499 3290 vel

554 3311 768 3383 auctum
795 3351 812 3384 ,
853 3334 918 3369 ex
948 3312 1266 3388 disruptione
1308 3309 1503 3368 scilicet
1547 3313 1750 3368 Oceani
1779 3311 2042 3368 Atlantici
2084 3308 2222 3366 {aaa
2264 3310 2329 3366 ad
2370 3313 2495 3369 Cal-

2241 3407 2344 3464 pen
2371 3391 2423 3445 8(
