2643 4060
506 166 974 244 'AESTUS
1047 163 1704 244 MARITIMI.
1889 170 1970 239 61

235 316 489 388 tiuetur
521 340 540 395 3
593 314 700 385 sed
743 314 812 383 in
847 311 1218 401 majoribus
1247 311 1552 385 Aestibus
1584 368 1603 405 ‚
1656 313 1767 384 seu
1820 313 1891 384 in
1927 316 2077 387 lom·

235 416 542 521 giotibus
581 416 901 489 fluxibus
931 426 950 506 ,’
1007 416 1075 490 ἃ
1108 414 1500 487 Refluxibus
1536 417 1879 488 interdum
1933 447 2073 490 maa

234 549 307 591 re
343 549 460 618 per
499 521 655 591 treis
694 520 891 591 horas
947 520 1256 620 quietum
1294 520 1419 595 stat
1455 522 1648 593 nullo
1684 522 1942 594 ascensu
1979 522 2074 606 faff.

238 621 354 695 &o
408 625 518 694 vel
566 624 906 696 descensu,

626 799 667 850 S
746 799 795 851 C
876 797 940 849 H
1010 796 1055 849 O
1134 797 1184 849 L
1261 796 1295 851 I
1368 800 1420 850 V
1488 799 1581 853 M.

319 939 460 993 AEC
490 937 775 1012 Propofitio
817 936 986 994 adfert
1028 957 1237 1013 quoque
1280 938 1479 1013 aliquid
1519 941 1693 1008 novi,
1733 939 1873 1014 quod
1914 943 2074 997 Mare'

345 1014 542 1070 scilicet
584 1019 723 1072 inter
764 1017 999 1070 Fluxum
1027 1018 1077 1070 8<
1110 1019 1400 1072 Refluxum
1437 1037 1533 1092 per
1559 1019 1776 1087 horam,
1817 1020 1866 1070 8<
1905 1019 2069 1072 inter-

130 1092 259 1147 dum
284 1112 379 1166 per
404 1095 596 1168 plureis
624 1096 865 1167 quietum
891 1109 1133 1148 maneat.
1178 1097 1432 1171 Qiietem
1461 1096 1629 1163 hanc,
1656 1094 1742 1150 seu
1773 1110 1945 1148 motus
1972 1094 2072 1150 ces-

129 1169 386 1225 sationem
415 1175 469 1225 in
485 1174 630 1225 Mari
657 1191 795 1226 novo
818 1171 1072 1225 vocabulo
1097 1173 1447 1244 Aquistitium
1472 1174 1913 1245 nuncupavimus,
1942 1174 2073 1228 Sunt

130 1249 276 1302 enim
304 1249 453 1302 rebus
479 1252 628 1301 novis
656 1269 794 1303 nova
819 1248 1140 1319 imponenda
1167 1250 1412 1302 nomina.
1458 1253 1806 1326 Quamquam
1831 1269 1936 1305 non
1962 1269 2071 1306 om-

130 1325 257 1378 nino
284 1342 484 1379 novum
511 1323 583 1379 est
609 1343 754 1377 mare
781 1327 922 1379 inter
948 1324 1214 1393 Fluxum,
1242 1327 1292 1379 8<
1321 1328 1611 1380 Refluxum
1634 1328 1927 1400 paullulum
1954 1347 2070 1383 con-

131 1401 331 1457 fistere.
376 1400 678 1455 Franciscus
706 1403 850 1456 enim
875 1402 1098 1472 Bayleus
1131 1404 1351 1456 articulo
1379 1406 1451 1456 II.
1487 1404 1550 1459 de
1578 1405 1739 1460 Aestu
1764 1407 1967 1461 Oceani
1992 1406 2074 1460 his

130 1478 304 1533 verbis
333 1480 568 1550 quietem
595 1479 730 1533 hanc
757 1478 959 1533 asserit:
1004 1518 1040 1547 „
1066 1481 1131 1532 In
1159 1479 1260 1533 fine
1290 1479 1544 1548 affluxuS,
1571 1483 1620 1534 8<
1640 1482 1876 1536 defluxus
1895 1485 2073 1555 Aqua-

130 1594 165 1627 „
207 1574 326 1609 rum
356 1556 532 1610 tardus
559 1555 687 1612 adeo
714 1555 785 1611 est
819 1575 1004 1610 earum
1030 1572 1201 1610 motus
1227 1596 1243 1625 ‚
1285 1571 1343 1611 ut
1371 1576 1464 1629 per
1491 1558 1693 1631 aliquot
1722 1561 1927 1614 minuta
1954 1579 2072 1614 con-

130 1671 168 1705 „
208 1632 377 1689 fistere
405 1633 648 1688 videatur
673 1673 690 1703 ,
730 1634 836 1688 fine
865 1634 972 1687 ullo
1000 1633 1311 1689 elevationis
1338 1652 1626 1709 augmento
1653 1653 1742 1691 aut
1770 1636 2071 1692 decremen-

132 1726 191 1765 to
218 1712 280 1764 “.
324 1713 402 1765 At
429 1711 566 1784 apud
592 1731 684 1765 nos
710 1713 766 1765 in
793 1713 926 1765 Fine
955 1712 1184 1782 Fluxm,
1225 1728 1316 1766 aut
1343 1714 1599 1767 Refluxus
1636 1717 1815 1787 Aquae
1842 1715 2071 1787 plerum-

131 1808 234 1861 que
275 1807 380 1842 non
406 1809 500 1862 per
527 1790 727 1862 aliquot
760 1790 998 1858 minuta,
1038 1788 1125 1844 sed
1150 1809 1245 1863 per
1270 1791 1459 1845 horam
1487 1791 1796 1861 consistunt,
1837 1794 1887 1845 8<
1913 1794 2073 1848 inter-

132 1867 259 1919 dum
286 1884 382 1938 per
407 1867 600 1939 plureis
620 1906 636 1936 ,
663 1866 973 1939 praesertim
1001 1869 1160 1922 tertia
1185 1887 1392 1940 quaque
1421 1868 1504 1923 die
1530 1868 1641 1941 post
1667 1869 1996 1937 Novilunia,
2022 1871 2074 1923 ὃς

131 1942 243 2017 post
269 1944 595 2008 Plenilunia‚
639 1960 804 2014 eoque
846 1944 1016 2013 magis
1058 1960 1122 1993 ea
1161 1946 1311 1994 Luna
1338 1980 1354 2009 ,
1396 1961 1531 2015 quae
1561 1943 1788 1999 Solstitia
1828 1947 2076 2019 proxime

126 2020 361 2093 sequitur
387 2059 404 2089 ‚
445 2039 547 2092 qua
574 2058 591 2087 ‚
631 2034 690 2072 ut
718 2018 869 2090 saepe
896 2017 1158 2086 diximu3‚
1199 2018 1421 2090 majores
1452 2019 1616 2075 aestus
1658 2022 1795 2095 apud
1823 2042 1912 2076 nos
1952 2042 2068 2079 con·

124 2099 345 2170 tingunt
374 2138 387 2150 .
431 2095 838 2151 Observandum
868 2094 939 2149 est
966 2094 1348 2167 Aquistitium,
1389 2098 1835 2170 quemadmodum
1877 2117 2071 2157 eventa

126 2175 307 2231 omnia
334 2176 504 2229 Maris
530 2214 546 2243 ,
589 2173 911 2228 manifestius
941 2212 957 2240 ,
997 2173 1047 2224 8<
1089 2175 1257 2246 magis
1296 2173 1604 2233 diuturnum
1644 2177 1744 2235 effe
1785 2179 2070 2250 tranquillo

123 2253 293 2323 mari,
333 2271 496 2326 quam
528 2252 665 2306 irato
707 2252 757 2304 8<
785 2249 1023 2305 fluclibus
1050 2251 1311 2307 concusso·

456 2427 1521 2503 PROPOSITIO
1629 2433 1716 2503 X.

124 2609 484 2713 Quoniam
523 2613 724 2684 Mare
766 2612 958 2710 'apud
998 2638 1120 2684 nos
1168 2615 1315 2683 Ora
1357 2629 1659 2684 extrema
1711 2630 1907 2684 tenue
1961 2615 2078 2686 ada·

228 2717 519 2786 modum
558 2715 650 2786 est
677 2773 696 2809 ,
733 2717 802 2786 in
831 2719 1050 2788 Fluxu
1085 2719 1385 2788 multum
1423 2718 1707 2789 Littoris
1746 2719 1971 2809 alluit,
2004 2717 2076 2792 &⁴

227 2820 301 2890 in
357 2820 645 2891 Refiuxu
701 2848 737 2891 a
797 2821 1061 2891 Littore
1117 2824 1418 2890 multum
1473 2823 1715 2891 itidem
1771 2824 2021 2892 recedit
2057 2875 2074 2892 .

168 2984 171 2986 v
229 2926 531 2997 Recessus
587 2925 704 2996 iste
764 2926 994 3023 aliquo
1049 2925 1121 2994 in
1170 2927 1325 2995 loco
1378 2925 1460 2995 ad
1515 2924 1834 2994 ducentos
1872 2927 2073 2996 Pedes

233 3029 717 3100 Ariminenseis
747 3028 1155 3099 exstenditur
1188 3082 1203 3098 .
1260 3029 1411 3098 Pari
1449 3030 1713 3098 ratione
1770 3030 1968 3100 redit>
1998 3030 2072 3099 in

234 3133 510 3204 Acceffu
544 3192 562 3225 ,
618 3133 686 3208 ὃς
734 3134 803 3203 in
839 3132 1261 3204 Fluminibus
1299 3133 1380 3203 ad
1417 3134 1606 3202 mille
1649 3134 1870 3203 Passus
1926 3135 2070 3205 vim

236 3237 419 3309 suam
463 3237 756 3313 ostendit
780 3292 796 3312 .
853 3240 1092 3341 Vulgo
1128 3237 1378 3310 accedit
1414 3240 1519 3308 vel
1558 3238 1804 3309 recedit
1841 3240 2072 3313 dec-:m

1831 3343 1997 3401 Pedes
