2643 4060
612 293 679 357 η·
973 281 1970 359 DECoNcHIS

1002 520 1061 586 c
1119 516 1202 588 Α
1260 514 1321 584 Ρ
1392 514 1458 610 V
1509 515 1573 584 T
1706 515 1749 583 1
1768 515 1812 583 I
1829 514 1874 581 Ι
1890 513 1946 581 J.
2027 481 2030 483 ’

507 666 814 721 CORNV
860 666 1267 719 HAMMoNis
1325 662 1681 714 LITToRIS
1729 658 2452 716 ARIMINENSIS·TER-

592 760 779 798 TrvM
825 783 841 812 ,
902 756 1027 797 sEV
1084 743 1412 795 NAVTILI
1477 751 1710 791 GENVS
1774 751 2139 791 VMBILico
2199 746 2453 790 PROMI-

595 836 893 888 NENTE,
939 834 1029 873 ET
1078 829 1522 877 PLERVMQVE
1573 826 2109 868 MARGINATVM.

511 959 556 1010 I.
782 953 996 1008 Ertium
1023 951 1120 1006 hoc
1149 953 1333 1006 Cornu
1357 949 1678 1003 Hammonis
1705 966 1865 1021 genus
1896 947 2022 1001 licet
2049 946 2109 999 sit
2137 946 2453 1012 minimum,

670 963 704 1141 Ε
813 1048 995 1086 tamen
1050 1031 1104 1081 in
1147 1027 1404 1096 majorem
1446 1026 1644 1079 molem
1699 1024 1879 1080 crescit
1921 1064 1937 1092 ,
1991 1042 2154 1095 quam
2208 1024 2411 1092 reliqua
2437 1059 2451 1073 .

817 1106 1097 1184 Quaedam
1140 1105 1285 1158 enim
1327 1120 1513 1155 eorum
1556 1101 1691 1175 apud
1719 1120 1807 1153 me
1838 1100 1984 1168 sunt,
2026 1118 2160 1171 quae
2190 1100 2456 1171 magnitu-

520 1191 701 1245 dinem
731 1191 879 1262 grani
917 1184 1070 1239 lentis
1101 1181 1308 1252 majoris
1343 1194 1644 1252 exaequant
1677 1219 1690 1231 .
1736 1177 2002 1251 Globofius
2031 1177 2218 1232 itidem
2245 1177 2350 1244 est,
2380 1190 2456 1228 at-

519 1288 619 1340 que
651 1265 962 1319 umbilicum
993 1260 1114 1314 satis
1142 1257 1382 1332 patulum
1412 1258 1460 1309 8(
1490 1258 1881 1328 prominentem
1918 1256 1973 1307 in
2002 1254 2177 1309 medio
2202 1252 2455 1308 ostendit.

519 1337 692 1417 Hujus
735 1340 980 1414 exempla
1011 1356 1222 1393 cernere
1252 1336 1374 1389 licet
1417 1334 1581 1408 figura
1609 1337 1710 1387 III.
1756 1332 1846 1387 sub
1873 1332 2063 1387 litteris
2096 1334 2154 1386 H
2181 1333 2230 1385 8(
2257 1335 2300 1386 Ι.
2331 1327 2458 1402 ejus-

521 1422 643 1476 dem
674 1421 915 1473 Tabulae
932 1459 944 1472 .

601 1501 672 1550 II.
719 1500 838 1550 Hoc
866 1493 1186 1548 Testaceum
1226 1493 1414 1546 vocavi
1458 1491 1622 1545 etiam
1648 1492 1865 1545 Nautili
1907 1509 2100 1564 genUS,
2142 1488 2279 1562 quod
2309 1489 2460 1542 Nau-

522 1575 677 1631 tilum
720 1593 823 1647 quo
865 1572 930 1626 ad
973 1587 1253 1626 externam
1293 1569 1483 1624 faciem
1528 1567 1918 1640 quodammodo
1947 1568 2186 1636 refe1·at‚·
2232 1567 2281 1617 8(
2323 1566 2463 1618 inter

523 1653 774 1709 Nautilos
804 1652 878 1704 uti
919 1650 969 1702 8(
1009 1647 1223 1721 sequens
1264 1645 1600 1702 referendum
1630 1645 1925 1700 censuerint
1964 1644 2219 1699 Nicolaus
2248 1642 2464 1695 Gualte-

523 1734 629 1786 rius
661 1730 850 1802 Magni
877 1728 1040 1780 Ducis
1060 1725 1336 1793 Etruriae,
1377 1726 1426 1777 8(
1453 1725 1633 1777 Petrus
1649 1723 1974 1777 Christianus
2001 1724 2291 1794 Wagnerus
2320 1720 2467 1772 Prin-

525 1810 651 1882 cipis
678 1805 956 1860 Baruthini
984 1803 1185 1857 Medici
1213 1841 1228 1870 ,
1270 1803 1375 1856 viri
1404 1816 1680 1873 praeterea
1712 1799 2015 1867 doffiffimi,
2059 1801 2107 1851 8(
2136 1799 2197 1853 de
2229 1796 2466 1850 Historia-

527 1887 785 1942 Naturali
827 1883 1027 1956 optime
1070 1881 1249 1934 meriti
1277 1919 1293 1947 ,
1335 1879 1516 1932 Amici
1543 1877 1700 1931 nostri
1726 1917 1746 1946 ,
1785 1881 2138 1947 Fautoresque
2167 1875 2465 1928 humaniffi-

528 1967 637 2032 rni,
679 1962 742 2015 ad
770 1980 894 2033 quos
921 1958 1187 2030 specimen
1215 1957 1406 2009 horum
1435 1955 1810 2009 Testaceorum
1838 1952 2086 2007 miseram
2113 1992 2126 2005 .
2172 1955 2353 2023 Quum
2381 1971 2467 2005 Ve-

528 2061 586 2094 ro
627 2041 725 2092 hoc
752 2037 1070 2091 Testaceum
1112 2034 1176 2087 ad
1204 2032 1456 2085 Nautilos
1484 2031 1655 2086 refero
1682 2070 1699 2099 ‚
1740 2049 1843 2084 non
1871 2031 1936 2085 ad.
1965 2049 2050 2085 eos
2076 2029 2325 2083 Nautilos
2353 2031 2472 2082 No-

530 2119 729 2172 strateis
757 2112 1036 2186 Polyposos
1065 2109 1399 2165 referendum
1427 2124 1590 2181 puto⁹
1630 2109 1720 2180 qui
1761 2108 1923 2181 vulgo
1949 2106 2244 2161 Aristotelis
2271 2106 2468 2160 Nauti-

534 2198 571 2250 11
606 2208 894 2260 vocantur)
934 2188 1018 2244 sed
1061 2188 1125 2243 ad
1151 2207 1235 2242 eos
1263 2187 1516 2240 Nautilos
1543 2185 1778 2255 Indico3,
1817 2187 1909 2258 qui
1951 2205 2053 2259 quo
2097 2185 2160 2240 ad
2200 2188 2468 2238 internam

534 2270 843 2327 struciuram
870 2286 990 2323 cum
1016 2266 1278 2319 Cornibus
1295 2265 1616 2318 Hammonis
1644 2265 1963 2318 conveniunt
1980 2301 1997 2316 .·
2037 2263 2293 2316 Nautilus
2323 2262 2468 2316 enim

534 2350 741 2404 Indicus
767 2349 822 2401 in
849 2345 1040 2419 plureis
1069 2346 1343 2397 Cavernas
1377 2343 1609 2396 invicem
1638 2341 2134 2407 communicanteiS,
2163 2338 2249 2395 seu
2278 2341 2331 2393 in
2358 2339 2469 2411 plu-

536 2446 596 2480 ra
638 2425 992 2478 'loculamenta
1033 2418 1307 2476 intrinsece
1350 2419 1422 2473 est
1462 2417 1762 2485 diffecium,
1803 2420 1881 2471 uti
1923 2416 2038 2471 sunt
2081 2437 2210 2473 vera
2251 2419 2469 2470 Cornua

537 2501 862 2558 Hammonis
904 2499 1083 2551 omnia
1112 2537 1126 2549 .
1167 2500 1426 2549 Ceterum
1451 2498 1638 2548 Cornu
1660 2495 1982 2549 Hammonis
2010 2492 2200 2548 Testae
2228 2494 2349 2549 illae
2379 2511 2472 2548 vo»

541 2596 730 2635 cantur
757 2618 771 2646 ,
812 2595 945 2649 quae
976 2590 1187 2647 praeter
1214 2572 1362 2627 iilam
1391 2572 1713 2645 peculiarem
1737 2572 2004 2625 internam
2032 2570 2340 2624 struffluram
2384 2590 2474 2625 ex·

539 2655 796 2712 trinsecus
840 2654 1003 2706 etiam
1046 2648 1402 2704 diffefflionem
1442 2648 1747 2716 ostendunt,
1787 2667 1956 2721 neque
1987 2647 2100 2702 sunt
2129 2651 2345 2705 omnino
2373 2649 2482 2704 lae*

542 2754 635 2791 ves
676 2735 756 2787 uti
790 2730 1006 2785 Nautiii
1047 2728 1211 2781 Indici
1253 2727 1493 2799 vulgares
1534 2740 1790 2798 apparent
1817 2766 1830 2779 .
1875 2729 2063 2799 Itaque
2094 2747 2220 2801 pace
2248 2727 2476 2801 praecla-

540 2812 859 2866 riffimorum
886 2807 1122 2860 virorum
1163 2824 1289 2876 quos
1315 2803 1474 2856 modo
1499 2805 1837 2871 memoravi,
1878 2806 2119 2877 Corpora
2149 2805 2280 2859 haec
2307 2805 2478 2877 potius

545 2890 612 2944 ad
655 2891 869 2943 Cornua
899 2884 1217 2939 Hammonis
1245 2880 1418 2939 resero
1443 2920 1460 2951 ³
1501 2899 1661 2956 quam
1688 2880 1752 2935 ad
1781 2882 2030 2942 Nautiios
2057 2922 2073 2952 ,
2116 2883 2252 2957 quod
2279 2883 2481 2937 extrin»

1310 2989 1354 3023 ο
2259 2958 2397 3015 secus

726 3062 768 3101 Ja
795 3060 910 3112 quale
938 3059 993 3112 gli
1017 3058 1202 3112 Antichi7
1232 3071 1250 3099 e
1278 3072 1360 3100 non
1387 3060 1568 3098 immerito
1588 3086 1600 3106 ,
1628 3059 1881 3100 chiamarono
1901 3058 2098 3107 Thuscia,
2127 3060 2189 3098 nel
2212 3071 2348 3098 mezzo
2375 3061 2478 3100 delia

731 3114 872 3165 quale,
902 3113 1008 3164 quasi
1037 3112 1092 3150 fra
1119 3112 1308 3152 beffiffimi
1329 3112 1435 3164 plani
1453 3109 1480 3150 fi
1500 3113 1590 3151 leva
1619 3125 1672 3151 tin
1694 3114 1831 3164 piccio}
1853 3114 1988 3159 Coiie,
2018 3113 2045 3150 il
2065 3113 2180 3163 quale
2202 3112 2366 3164 l'Acque
2386 3127 2482 3152 ven-

728 3165 903 3204 dicatrici
932 3165 1033 3204 della
1059 3163 1187 3214 giusta
1215 3164 1272 3203 ira
1298 3165 1336 3203 di
1358 3165 1512 3210 Giove,
1540 3165 1698 3216 quando
1721 3166 1731 3203 i
1754 3165 1901 3216 peccati
1927 3165 1965 3203 di
1988 3165 2157 3204 Licaone
2179 3166 2418 3203 meritarono
2444 3165 2483 3204 di

726 3216 784 3254 sar
813 3217 980 3267 allagare
1009 3217 1035 3255 11
1059 3218 1236 3262 Mondo,
1268 3217 1309 3255 vi
1329 3215 1444 3255 lascib
1460 3243 1471 3262 ,
1502 3214 1664 3254 secondo
1687 3215 1710 3254 Γ
1722 3217 1907 3268 opinione
1929 3218 1967 3255 di
1987 3216 2122 3261 molti,
2152 3215 2187 3254 la
2207 3217 2319 3265 quare
2344 3227 2483 3268 reputo

730 3280 823 3305 vera
844 3295 854 3312 ,
885 3268 1112 3318 perciocchb
1140 3269 1186 3307 ad
1208 3268 1399 3307 cvidenza
1426 3267 1464 3306 di
1487 3268 1542 3305 tal
1563 3265 1688 3306 verita
1714 3268 1741 3305 fi
1761 3266 1904 3307 mostra
1924 3268 1951 3306 il
1970 3268 2111 3318 picciol
2135 3266 2283 3317 Poggio
2303 3268 2419 3319 pieno
2443 3269 2481 3308 di

734 3318 882 3356 marine
904 3320 1161 3370 Conchiglie,
1190 3321 1239 3359 ne
1261 3332 1403 3358 ancora
1425 3320 1450 3357 fi
1471 3318 1629 3369 poss'ono
1657 3320 1688 3356 s}
1710 3332 1809 3370 poco
1837 3319 1885 3357 nb
1908 3321 2031 3357 molto
2059 3319 2094 3358 16
2113 3318 2298 3358 'nteriora
2318 3321 2355 3359 di
2377 3321 2484 3372 quel—

735 3368 774 3406 10
795 3369 1004 3415 ricercare,
1033 3371 1104 3408 che
1125 3372 1163 3409 di
1188 3371 1315 3419 quelle
1343 3371 1659 3422 biancheggianti
1689 3381 1788 3410 tutte
1810 3384 1887 3409 non
1910 3371 1934 3409 fi
1960 3372 2145 3417 trovino,
2175 3385 2193 3410 e
2213 3371 2441 3412 similmcnte
2470 3372 2482 3409 i

738 3420 866 3476 Fiumi
894 3434 915 3458 a
935 3421 1067 3470 quello
1089 3421 1310 3461 circostanti
1337 3424 1404 3473 piu
1424 3423 1553 3462 veloci
1578 3421 1616 3460 di
1635 3421 1768 3472 corso,
1796 3422 1868 3464 che
1889 3422 2032 3475 copiosi
2048 3423 2207 3476 d'acque
2231 3424 2265 3464 le
2287 3425 2371 3464 loro
2392 3426 2468 3464 Are

736 3484 785 3512 ne
807 3471 845 3510 di
864 3472 992 3522 queste
1014 3473 1212 3515 medcfime
1233 3474 1464 3527 Conchiglie
1493 3474 1729 3529 dipingono.
