2643 4060
548 216 1696 300 M1stN0T1s.·
1918 236 2005 321 39·

136 374 352 438 matur,
378 366 585 441 quando
610 364 835 420 Animal
864 382 1043 432 recens
1068 365 1168 438 est,
1194 368 1386 426 humor
1408 390 1620 428 croceus
1645 387 1863 445 manat,
1912 380 2006 452 qui
2030 378 2101 434 di-

142 451 278 526 gitos
311 446 476 500 inficit
516 447 566 498 8<
595 445 764 499 nareis
791 443 949 498 ferit.

216 529 289 580 ΙΙ.
333 526 477 577 Huic
508 523 661 578 valde
686 523 857 576 affinis
880 521 957 576 est
983 523 1150 579 Stella
1177 543 1211 579 a
1239 525 1560 584 Rondeletio
1583 532 1780 586 Laevis
1807 528 1975 602 di&a‚
2015 538 2102 590 cu-'

143 606 222 678 jus
248 602 459 656 unicum
482 600 827 674 exemplum,
864 600 918 653 8<
945 599 1085 655 hunc
1119 603 1338 677 quidem
1365 604 1660 679 disruptum
1700 610 1754 661 in
1781 607 1962 664 littore
2006 631 2097 667 no-

145 681 251 737 stro
292 679 422 734 olim
463 681 664 753 reperi.

217 760 319 813 111.
365 758 558 812 Affinis
587 774 797 830 quoque
824 755 947 810 huic
977 758 1210 829 nostrae,
1241 774 1302 814 ut
1328 760 1382 813 in
1397 759 1586 813 Titulo
1614 760 1988 835 indicavimuS‚
2026 766 2102 822 est

143 835 413 894 Echinata
441 836 783 903 Rondeletii,
819 834 963 906 cujus
991 838 1238 910 exemplo
1267 856 1504 891 caremus
1544 838 1661 893 heic
1689 843 1967 913 Arimini,
2010 843 2096 899 sed

145 915 396 988 frequens
424 913 497 968 est
513 916 840 982 Ravennae,
864 915 1117 969 &earum
1142 916 1295 990 plura
1323 917 1570 990 exempla
1597 918 1888 973 liberaliter
1916 922 1980 974 ad
2010 941 2094 977 me

143 994 285 1049 misit
322 993 422 1045 Vir
448 992 664 1046 Nobilis
704 990 952 1065 Josephus
980 994 1247 1049 Zinannus
1273 996 1587 1050 Ravennas.
1629 997 1795 1053 Stella
1820 997 1914 1053 ista
1941 998 2097 1052 Echi·

146 1087 277 1127 nata
315 1089 483 1145 parvo
512 1072 749 1143 Corpore
793 1069 976 1125 itidem
1002 1071 1104 1126 est.

145 1203 2095 1244 ‹QWQQWQQQQQQQQQQQQQQA

642 1309 1217 1381 CAPVT
1338 1311 1581 1381 IIII.

136 1457 483 1512 STELLA
527 1459 829 1511 MARINA
887 1459 1120 1512 MARIS
1168 1459 1424 1512 SVPERI
1488 1472 2081 1515 VVLGATISSIMA.

218 1538 477 1589 EADEM
535 1537 1048 1588 CRVCIFORMIS
1119 1537 1475 1589 LITTORIS
1534 1537 2033 1591 ARIMINENSIS
2076 1576 2098 1606 ν,

223 1626 514 1667 PRIORIS
568 1625 935 1666 FORTASSE
987 1626 1398 1667 VARIETAS.
1452 1614 1708 1667 EADEM
1760 1628 2090 1670 CORPORE

224 1703 595 1758 LATioRE,
643 1704 770 1743 SED
815 1691 1072 1744 RADIIS
1127 1704 1653 1745 BREvioRIBVS.

139 1845 443 2029 TRia
471 1844 758 1898 Stellarum
788 1845 1270 1918 vulgatiffimarum
1295 1865 1488 1920 genera
1515 1846 1614 1900 hoc
1642 1848 1835 1919 Capite
1865 1847 1918 1900 in
1934 1847 2092 1902 Titu⁴

359 1921 412 1973 lo
441 1921 970 1994 comprehendimuS‚
1001 1925 1139 1993 quod
1168 1924 1378 1978 easdem
1404 1925 1506 1978 effe
1533 1925 1885 1992 arbitremur,
1909 1926 1959 1977 8<
1977 1942 2087 1980 tan-

361 2013 476 2053 turn
518 2011 733 2071 propter
760 1998 1008 2053 Naturae
1041 1997 1208 2052 lusum
1227 2039 1243 2068 ,a
1286 2015 1343 2054 ut
1372 1999 1548 2070 ajunt,
1590 2002 1729 2056 inter
1756 2000 1804 2055 se
1838 2003 2044 2056 variare
2072 2042 2087 2057 .

138 2077 314 2130 ”rima
391 2095 552 2149 *luam
579 2076 791 2130 Tabula
818 2078 914 2129 IV.
959 2074 1048 2129 sub
1076 2076 1260 2131 littera
1291 2079 1343 2130 A
1384 2079 1434 2130 8<
1456 2082 1689 2132 num.⁰I.
1734 2080 2087 2150 repraesenta-

134 2156 338 2222 vinias,
379 2153 731 2228 vulgatissima
758 2153 832 2208 est
860 2169 971 2208 toto
998 2153 1170 2210 nostro
1197 2157 1375 2224 Mari,
1395 2208 1398 2211 ,
1417 2170 1475 2209 ut
1502 2157 1930 2210 innumerabileis
1957 2155 2085 2229 ipsa-

135 2249 258 2286 rum
299 2231 364 2286 ab
390 2252 451 2286 eo
493 2232 559 2286 ad
600 2234 777 2285 Littus
820 2232 1124 2303 rejiciantur
1151 2273 1167 2301 ,
1209 2234 1258 2285 8<
1287 2253 1317 2287 a
1346 2232 1688 2289 Piscatoribus
1730 2250 1840 2288 rete
1882 2237 2087 2307 capian-

135 2325 253 2363 tur.
298 2309 504 2365 Eadem
532 2309 665 2363 haec
692 2309 791 2364 effe
822 2309 1034 2363 videtur
1074 2328 1237 2382 quam
1263 2312 1437 2383 prima
1464 2313 1631 2383 lpecie
1675 2310 1917 2365 describit
1945 2313 2086 2365 Ron-

134 2386 357 2445 deletius
373 2404 390 2456 ;
432 2406 558 2441 nam
588 2387 856 2440 Echinata
883 2387 1013 2442 haec
1042 2406 1248 2460 quoque
1295 2388 1366 2442 est
1392 2406 1449 2442 ut
1476 2390 1596 2457 illa,
1637 2389 1762 2442 licet
1788 2389 1954 2442 aculei
1982 2407 2087 2443 non

136 2464 424 2519 admodum
451 2465 605 2538 rigidi
640 2505 657 2534 ,
698 2466 748 2518 8<
789 2464 944 2519 facile
985 2466 1314 2534 decidentes,
1356 2468 1549 2539 quique
1575 2482 1853 2539 propterea
1893 2465 1976 2520 hic
2021 2467 2085 2520 ab

137 2543 332 2614 Operis
363 2542 548 2597 nostris
589 2562 693 2596 non
736 2541 855 2597 satis
896 2544 1108 2598 fuerunt
1133 2545 1356 2617 expreffi
1383 2584 1395 2597 .
1440 2543 1652 2598 Pedales
1691 2543 1861 2597 radios
1903 2558 2086 2598 tamen

137 2638 245 2673 non
274 2619 437 2673 habet
482 2637 539 2674 ut
583 2621 674 2676 illa
700 2622 1004 2676 Rondeletii
1029 2662 1045 2690 ,
1089 2620 1175 2676 sed
1202 2640 1349 2676 mare
1375 2621 1605 2675 nostrum
1633 2622 1818 2676 Stellas
1859 2624 2083 2676 immani

138 2697 512 2771 magnitudine
554 2717 656 2753 non
681 2699 947 2771 producit.
988 2701 1197 2757 *Omnes
1223 2701 1363 2753 enim
1393 2699 1612 2768 majores
1639 2719 1700 2753 eo
1726 2718 1939 2772 corpore
1967 2699 2082 2753 sunt

140 2775 285 2848 quod
312 2775 610 2848 expreffum
645 2776 716 2832 est
756 2778 810 2829 in
839 2778 1077 2850 FiguriS,
1119 2777 1416 2844 interdum,
1458 2775 1540 2831 sed
1568 2795 1715 2845 ram,
1757 2777 1932 2850 paullo
1973 2795 2082 2832 ma-

131 2852 260 2925 jori.
308 2854 539 2907 Tellinis
582 2856 632 2907 8<
675 2854 1001 2908 Turbinibus
1033 2853 1348 2908 vescuntur.
1393 2856 1594 2907 Verum
1622 2856 1817 2907 mirum
1847 2854 1920 2908 est
1958 2874 2080 2926 quo·

132 2931 292 2984 modo
323 2951 409 2986 eas
437 2951 516 2986 res
544 2931 841 3006 deglutiant
866 2972 882 3001 ,
923 2950 1087 3005 quum
1114 2951 1167 2984 os
1195 2934 1249 2984 in
1278 2930 1379 2983 istis
1409 2932 1584 2984 Stellis
1611 2931 1893 2984 admodum
1923 2949 2080 3004 angu-

132 3008 268 3064 stum
302 3011 392 3064 fit.
436 3012 637 3083 Reperi
665 3010 931 3064 interdum
960 3008 1254 3081 hujusmodi
1284 3006 1472 3061 Stellas
1499 3025 1742 3065 ventrem
1770 3009 1962 3064 habere
2006 3027 2080 3065 re-

133 3086 472 3141 fertiffimum
501 3088 841 3142 Tellinarum
869 3086 1168 3160 vulgarium
1199 3126 1214 3154 ‚
1257 3104 1389 3158 quae
1420 3125 1436 3154 ‚
1478 3103 1534 3141 ut
1576 3086 1687 3138 dixi
1716 3125 1730 3153 ‚
1773 3086 2078 3158 variegatae

134 3163 283 3235 sunt,
325 3167 373 3219 8<
420 3165 806 3238 magnitudinis
847 3183 950 3218 non
993 3166 1217 3238 exiguae
1244 3203 1259 3232 ,
1301 3178 1358 3216 ut
1401 3183 1486 3217 eas
1525 3182 1622 3237 per
1646 3182 1699 3218 os
1740 3163 1885 3218 nullo
1922 3161 2077 3236 paclo

139 3241 359 3298 educere
390 3244 657 3317 potuerim
689 3282 705 3314 ,
747 3244 796 3297 8<
836 3242 928 3298 nisi
970 3242 1199 3299 lacerato
1227 3258 1439 3314 corpore
1481 3260 1585 3296 non
1611 3242 1913 3297 eximantur
1938 3279 1952 3294 .
1996 3241 2077 3295 Id·

1898 3336 1998 3390 que
