2643 4060
618 219 705 298 '72
1006 200 1944 288 SPECIMEN'

518 358 765 417 Navibus
806 359 855 411 8<
896 357 1031 412 Vrbi
1065 356 1266 412 nostrae
1309 358 1624 432 praeberent
1654 401 1668 415 .
1711 359 1974 416 Distantia
2014 359 2162 432 hujus
2204 364 2390 419 Turris
2432 370 2465 420 a*

520 439 698 504 Mari,
739 452 795 490 ut
823 456 988 510 nuper
1028 456 1130 490 una
1157 456 1276 490 cum
1306 438 1460 492 Cella
1489 441 1828 513 cognovimus
1856 439 1926 492 est
1949 439 2147 493 Pedum
2182 456 2465 497 IDCCCC-

528 528 788 571 LXXXV.
817 515 1232 571 Ariminensium
1250 555 1266 584 ,
1309 516 1358 567 8<
1386 518 1575 570 Murus
1603 519 1805 591 antiqui
1834 520 2016 570 Portus
2043 519 2092 570 ei
2120 517 2346 590 adjeE‘tus
2379 521 2465 574 Pe-

520 593 668 647 dibus
689 606 918 647 CCCXV
936 608 977 647 Ι.
995 593 1065 649 est
1081 594 1293 667 longUS,
1321 612 1482 667 quare
1501 598 1654 651 Mare
1684 596 1882 651 receffit
1909 596 2010 648 hoc
2037 595 2149 650 loco
2184 612 2298 654 (ΣΠ)
2315 610 2462 653 CCC.

524 670 779 740 Pedibus,
821 693 851 729 a
881 673 1112 725 Moeniis
1149 691 1341 745 nempe
1376 674 1531 726 Vrbis
1558 713 1574 742 ‚
1618 695 1748 748 quae
1779 675 1951 727 Moles
1992 675 2082 728 illa
2107 715 2122 742 ,
2164 674 2250 730 seu
2277 678 2465 729 Murus

523 750 786 822 contingit
814 789 831 817 ,
873 769 1112 822 quaeque
1141 752 1272 803 olim
1305 754 1462 804 Mare
1492 752 1724 808 alluebat
1751 768 1768 822 3
1811 753 1895 807 led
1924 754 2090 823 magis
2116 755 2318 807 recessit
2360 753 2466 806 alio

523 828 580 881 in
608 828 721 881 loco
749 866 765 895 ,
806 846 998 899 nempe
1027 847 1057 880 a
1084 830 1346 897 MoeniiS,
1372 848 1506 902 quae
1535 829 1651 885 sunt
1679 832 1743 885 ad
1772 833 1984 885 Portam
2015 832 2301 902 Equitum,
2331 849 2467 902 quae

522 904 682 960 modo
725 904 866 958 ducit
909 906 973 959 ad
1014 909 1170 961 Mare
1200 947 1213 961 .
1257 908 1339 962 Ibi
1380 909 1523 961 enim
1565 912 1721 965 Mare
1764 910 1913 963 distat
1956 908 2020 961 ab
2063 909 2205 963 Vrbe
2247 908 2467 962 Pedibus

530 997 973 1038 CIOIDCCLXV
992 999 1031 1038 Ι.
1062 985 1511 1055 AriminenfibuS,
1545 988 1593 1043 δ(
1622 990 1777 1043 Porta
1805 987 1898 1040 ista
1926 1006 1956 1039 a
1985 988 2213 1040 Moeniis
2241 986 2470 1057 antiquis

523 1062 888 1115 Romanorum
919 1061 1139 1115 Pedibus
1172 1078 1566 1118 CCCXXIIIL.
1597 1064 1786 1133 distat3
1823 1067 1945 1118 Hoc
1973 1066 2112 1118 enim
2142 1064 2306 1138 spatio
2335 1063 2471 1119 adie-

525 1136 629 1192 flio
670 1157 931 1194 novarum
972 1141 1192 1197 Viarum
1236 1142 1537 1199 continetur
1562 1183 1574 1194 .
1625 1147 1805 1215 Quare
1849 1145 2004 1196 modo
2049 1146 2204 1197 Mare
2247 1142 2398 1196 distat
2439 1160 2472 1197 a

524 1218 758 1274 Moeniis
784 1219 1149 1272 Romanorum
1167 1219 1384 1274 Pedibus
1420 1235 1585 1276 CIOC
1602 1236 1666 1276 11)
1684 1237 1866 1275 LXXX
1883 1237 1939 1274 X.
1983 1221 2081 1274 Sed
2109 1221 2277 1293 major
2304 1219 2472 1275 adhuc

523 1294 598 1350 est
627 1293 867 1348 distantia
909 1295 944 1349 si
971 1296 1211 1351 mensura
1239 1296 1473 1353 sumatur
1501 1300 1566 1351 ab
1592 1298 1739 1353 Ostio
1770 1301 1895 1353 novi
1925 1301 2137 1353 Porum.
2189 1303 2386 1355 Verum
2415 1311 2472 1350 ut

524 1374 706 1426 omnia
734 1376 788 1426 in
816 1391 977 1427 unum
1008 1374 1388 1443 conducamuS,
1430 1376 1672 1429 Receffus
1715 1376 1915 1429 medius
1960 1377 2127 1428 Maris
2168 1395 2198 1428 a
2243 1375 2472 1429 Moeniis

525 1449 682 1503 Vrbis
722 1449 921 1505 nostrae
948 1490 965 1520 ‚
1007 1470 1140 1524 quae
1192 1453 1324 1504 olim
1366 1451 1536 1523 ipsum
1578 1453 1809 1507 alluebat
1840 1492 1856 1517 ,
1899 1452 1970 1506 est
2010 1452 2206 1505 Pedum
2262 1453 2475 1508 circiter

528 1541 893 1583 CIDIDCCL.
939 1533 1118 1603 Qare
1148 1530 1327 1602 procul
1354 1530 1510 1583 dubio
1549 1548 1735 1585 revera
1764 1529 1918 1583 modo
1949 1529 2068 1584 latis
2095 1531 2300 1602 patenti
2330 1547 2359 1581 a
2388 1548 2475 1582 no-

524 1605 602 1660 bis
629 1607 828 1660 recessit
853 1609 1010 1660 Mare
1038 1646 1054 1675 ,
1095 1627 1260 1680 quum
1302 1624 1379 1662 tot
1422 1608 1602 1682 jugera
1633 1626 1883 1682 agrorum
1911 1610 2213 1661 Hortorum
2240 1608 2475 1662 Cultori-

526 1683 619 1739 bus
645 1723 661 1752 ‚
703 1685 752 1736 8<
779 1683 845 1738 ad
873 1686 1087 1757 Segetes
1115 1687 1301 1743 idonea
1330 1687 1605 1758 reliquerit
1633 1727 1645 1740 .
1690 1687 1852 1758 Cujus
1880 1689 1956 1740 rei
1985 1688 2172 1740 Turris
2215 1687 2265 1739 3<
2307 1685 2475 1740 moles

524 1761 617 1823 illa
647 1761 867 1816 mirifica
910 1763 963 1815 in
991 1762 1119 1820 sicco
1142 1764 1421 1819 haerentes
1463 1764 1781 1837 sempiterna
1822 1780 1976 1819 erunt
2011 1764 2305 1819 testimonia
2332 1803 2348 1832 ,
2390 1762 2475 1818 sed

522 1839 692 1896 adhuc
734 1842 899 1913 magis
944 1843 1100 1901 Mare
1143 1861 1173 1896 a
1214 1844 1476 1898 Ravenna
1516 1845 1716 1899 recessit
1745 1883 1760 1912 ,
1802 1862 1935 1915 quae
1975 1843 2105 1896 olim
2148 1841 2471 1915 temporibus

522 1919 892 1973 Romanorum
931 1921 982 1972 8<
1023 1920 1325 1975 Gothorum
1367 1923 1509 1977 intra
1546 1924 1775 1979 marinas
1804 1925 2038 1978 Lacunas
2083 1921 2177 1976 fita
2214 1937 2329 1976 erat
2355 1960 2373 1989 ‚
2413 1934 2473 1973 ut

523 2013 662 2051 nunc
689 1995 823 2046 Vrbs
853 1996 1167 2066 amplissima
1195 2000 1578 2062 Venetiarum,
1618 2000 1668 2048 8<
1696 2012 1876 2048 tamen
1903 1999 2059 2050 modo
2098 2001 2154 2050 in
2183 1999 2310 2051 sicco
2351 1998 2473 2052 hae-

525 2088 609 2125 ret
635 2073 928 2140 Ravenna,
970 2087 1027 2124 ut
1056 2090 1086 2124 a
1114 2073 1260 2129 Mari
1304 2073 1466 2126 tribus
1509 2073 1617 2127 fere
1647 2073 1877 2127 millibus
1898 2074 2115 2147 passibus
2141 2074 2331 2144 distet5
2377 2077 2473 2128 Di-

523 2149 710 2211 stantia
737 2147 856 2204 sane
898 2168 1033 2221 quae
1061 2146 1133 2204 est
1159 2148 1318 2222 duplo
1361 2150 1446 2208 vel
1475 2151 1632 2224 triplo
1661 2150 1830 2222 major
1854 2191 1870 2220 ‚
1912 2171 2073 2224 quam
2101 2151 2269 2206 nostra
2297 2170 2326 2204 a
2354 2155 2473 2208 Ma-

525 2230 571 2281 ri
598 2269 611 2281 .
657 2231 833 2303 Qrare
863 2226 961 2281 hoc
988 2227 1237 2298 exemplo
1267 2229 1457 2285 moniti
1495 2229 1781 2302 prudenter
1807 2229 1952 2283 idem
1977 2230 2071 2284 fibi
2100 2246 2342 2284 metuunt
2373 2233 2473 2286 Ve-

527 2307 671 2374 neti,
712 2325 777 2359 ne
805 2302 1001 2360 scilicet
1026 2305 1431 2378 praeclariflima
1458 2327 1641 2362 eorum
1665 2308 1828 2376 Vrbs,
1872 2327 2006 2381 quae
2035 2310 2089 2362 in
2116 2309 2340 2363 Lacunis
2356 2311 2476 2364 Ma-

528 2386 597 2437 ris
623 2383 786 2455 posita
814 2399 1025 2438 tantum
1056 2386 1242 2441 ceteris
1265 2385 1522 2457 praestat,
1564 2386 1801 2444 tamdem
1828 2388 1881 2443 in
1911 2387 2040 2441 sicco
2066 2386 2317 2455 haereat,
2342 2387 2475 2441 mul-

528 2476 748 2533 tumque
777 2462 826 2515 ei
853 2460 916 2514 de
945 2460 1208 2534 praesenti
1235 2462 1506 2535 splendore
1532 2505 1547 2534 ‚
1588 2466 1638 2517 8<
1679 2466 1833 2521 Aeris
1860 2463 2163 2520 salubritate
2207 2463 2425 2519 decedat
2449 2505 2466 2535 ,

529 2556 688 2612 atque
716 2557 746 2592 a
773 2537 967 2598 duobus
994 2541 1221 2595 Saeculis
1248 2541 1514 2614 sapienter
1543 2542 1932 2612 Hydrometras
1973 2543 2146 2596 varios
2188 2540 2340 2615 super
2375 2542 2477 2597 hac

533 2637 588 2674 re
617 2615 982 2672 consuluerunt
1008 2657 1025 2685 ,
1067 2619 1155 2690 qui
1197 2622 1401 2692 magnis
1428 2620 1682 2674 sumtibus
1724 2620 1985 2694 quaedam
2013 2620 2261 2676 Flumina
2303 2639 2334 2674 a
2376 2623 2479 2676 Ve-

529 2696 796 2750 netiarum
823 2696 1046 2751 Lacunis
1088 2697 1378 2753 avertendo
1418 2697 1641 2772 prospici
1670 2699 1810 2771 poffe
1851 2698 2182 2754 crediderunt
2215 2739 2228 2753 .
2272 2699 2363 2752 An
2390 2718 2481 2753 ve-

529 2793 588 2828 ro
615 2773 713 2827 hoc
742 2771 897 2846 pacff'to
926 2775 1151 2829 Lacunis
1177 2774 1525 2848 prospiciatur
1552 2778 1643 2831 alii
1671 2778 1900 2832 viderint
1927 2818 1939 2830 .
1985 2777 2234 2849 Polybius
2261 2775 2481 2849 quidem

530 2852 792 2913 excellens
823 2850 1110 2906 Historicus
1152 2854 1480 2929 eximiusque
1524 2855 1863 2928 Philosophus
1904 2855 2098 2925 simul,
2140 2876 2208 2910 ex
2250 2853 2480 2927 ingressu

530 2930 732 2986 Tanais
772 2931 828 2986 in
856 2933 1009 2985 Mare
1029 2971 1043 2998 ‚
1087 2930 1257 3004 ipsum
1285 2932 1377 2987 illo
1418 2936 1473 2987 in
1498 2934 1614 2988 loco
1656 2935 1711 2987 in
1737 2934 1989 2991 Paludem
2018 2935 2169 2989 illam
2210 2931 2480 2986 celebrem

534 3006 584 3063 se
614 3008 974 3071 transmutasse
1004 3011 1171 3070 credit
1197 3049 1214 3078 ,
1255 3029 1387 3083 quae
1431 3013 1664 3068 Maeotis
1707 3014 2006 3085 appellatur
2031 3052 2046 3081 ,
2088 3028 2246 3084 atque
2288 3009 2389 3063 hoc
2431 3029 2483 3064 e-

538 3087 750 3159 xemplo
791 3089 1016 3143 Pontum
1059 3089 1334 3144 Euxinum
1376 3109 1443 3144 ex
1486 3091 1602 3144 Istri
1643 3130 1660 3159 ‚
1715 3090 2046 3162 Borysthenis
2073 3129 2090 3159 ,
2145 3090 2480 3160 aliorumque

534 3179 850 3236 magnorum
880 3166 1189 3219 Fluminum
1230 3168 1454 3240 ingressu
1495 3170 1548 3221 in
1577 3168 1826 3224 Paludem
1867 3187 2078 3243 quoque
2107 3167 2276 3241 ipsum
2320 3182 2484 3220 trans-

531 3255 797 3302 mutatum
837 3244 904 3298 iri
945 3261 1348 3318 argumentatur
1375 3286 1388 3305 .
1446 3244 1548 3320 (a)
1590 3248 1792 3304 Verum
1830 3266 1862 3304 a
1903 3247 2226 3322 temporibus
2269 3244 2480 3316 Polybii

2250 3321 2404 3378 unde-

576 3404 655 3458 (ἃ)
683 3407 813 3461 Pogyb.
840 3406 928 3447 Lea
948 3411 1043 3450 IIII.
