2643 4060
543 213 1037 294 MINVS
1151 214 1654 293 NOTIS.
1886 242 1970 312 37

122 370 386 444 reperitur
428 366 562 440 apud
594 386 686 420 nos
727 366 852 419 licet
892 380 1011 433 raro
1040 365 1246 419 Cancer
1274 365 1404 418 alius
1444 364 1669 419 hirsutus
1711 363 1862 420 valde
1891 403 1907 433 ‚
1950 375 2062 421 ma-‘

124 467 285 522 gnuS,
326 444 591 519 globosuS,
631 446 779 516 niger
814 455 969 512 atque
1001 458 1114 495 toto
1141 461 1352 515 corpore
1381 442 1648 511 l10rridu3‚
1690 461 1850 515 quem
1890 441 2065 498 nescio

123 545 190 579 an
221 523 406 577 Vrsum
434 563 450 592 ,
492 523 595 576 sive
623 521 833 575 Malum
864 519 1117 574 Punicum
1143 521 1444 575 Rondeletii
1475 521 1648 574 dicam
1676 560 1688 573 .
1735 519 1986 574 Globosus
2017 541 2065 577 e-

125 604 237 655 nirn
265 599 336 655 est
376 601 426 652 8<
452 618 671 671 magnus
716 615 772 653 ut
800 597 1014 653 Malum
1042 601 1296 652 Punicum
1324 597 1518 652 referre
1548 596 1788 652 videatur
1817 635 1830 650 .
1875 600 2060 654 Secun-

124 678 189 733 do
217 678 332 731 loco
363 679 585 731 veniunt
612 675 1013 749 frequentiffimi
1048 677 1182 749 apud
1209 694 1300 730 nos
1330 675 1526 729 Cancri
1555 674 1632 727 illi
1662 673 1911 745 majoreS‚
1939 696 2068 750 quo-

123 775 243 810 rum
273 756 524 810 Feminae
556 754 737 808 nostris
765 755 814 807 8<
842 754 1060 808 Venetis
1104 749 1389 808 Granceole
1422 752 1693 820 dicuntur,
1735 772 1866 826 quae
1894 756 1947 809 in
1976 775 2065 810 ex·a

124 834 399 889 tremitate
430 833 620 888 caudae
664 833 751 885 ubi
785 849 899 888 Ova
924 831 1127 906 gestant
1171 830 1287 884 sunt
1328 828 1634 903 personatae
1664 831 1712 883 δ(
1740 831 1905 903 ipsae.
1951 836 2065 887 Has

123 908 495 965 Aldrovandus
523 912 755 964 Cancros
785 911 988 983 MajaS,
1030 908 1116 965 seu
1141 911 1368 982 Paguros
1401 906 1608 962 secundi
1637 909 1841 981 generis
1871 912 2065 964 vocita-

120 990 231 1044 vit.
275 989 350 1041 At
380 990 610 1061 Pagurus
638 988 784 1040 nobis
812 988 915 1056 est,
957 989 1048 1060 qui
1089 988 1139 1039 8<
1170 989 1511 1060 Granciporro
1554 989 1763 1041 Cancer
1789 987 1918 1040 alius
1960 1004 2066 1040 non

120 1069 198 1120 ita
229 1083 447 1139 magnus
473 1105 490 1134 ,
531 1066 621 1139 qui
661 1065 840 1119 fimilis
880 1065 1033 1120 valde
1076 1063 1145 1119 est
1188 1066 1397 1117 Cancro
1439 1062 1714 1132 fluviatili,
1756 1062 1840 1116 sed
1864 1062 2064 1132 major,

121 1146 292 1198 flavus
335 1144 383 1196 δε
412 1143 566 1198 ruber
608 1159 765 1215 atque
792 1141 995 1215 punffis
1024 1144 1185 1216 nigris
1212 1157 1422 1194 notatus
1450 1179 1463 1192 .
1511 1141 1654 1192 Huic
1695 1140 1850 1194 valde
1893 1142 2077 1195 affinis.

119 1221 192 1276 est
217 1222 428 1276 Cancer
454 1221 584 1273 alius
613 1218 886 1291 subniger,
929 1219 1013 1274 sed
1043 1220 1237 1273 cortice
1266 1216 1519 1290 quadrato
1549 1257 1561 1270 .
1607 1217 1714 1270 Hic
1743 1215 1947 1290 semper
1990 1219 2060 1272 al-

118 1314 233 1354 tero
261 1299 436 1351 minor
460 1295 532 1351 est
557 1335 569 1349 .
617 1297 808 1368 Paguri
837 1315 1023 1351 revera
1054 1296 1170 1350 sunt
1213 1310 1432 1367 utraque
1461 1294 1591 1349 haec
1619 1297 1949 1349 Cancrorum
1977 1314 2074 1369 {ge-2·

116 1393 243 1431 nera
261 1414 278 1441 ,
319 1392 483 1447 quum
499 1373 759 1445 Scopuli8‚
787 1375 1074 1448 Lignisque
1109 1372 1485 1428 Aedificiorum
1514 1373 1904 1427 maritimorum
1933 1373 2063 1428 sem-

116 1471 210 1527 per
238 1451 576 1507 inhaereant.
621 1455 767 1506 Inter
794 1454 1019 1507 minores
1047 1455 1281 1506 Cancros
1310 1468 1470 1502 unum
1498 1447 1657 1503 semel
1688 1451 1867 1504 inveni
1897 1470 2062 1522 parvo

120 1533 361 1603 Corpore
382 1569 398 1597 ,
440 1527 523 1585 sed
550 1528 852 1603 longissimis
884 1530 1103 1585 Pedibus
1128 1570 1144 1599 ,
1186 1544 1239 1584 at
1270 1526 1594 1582 brevioribus
1621 1524 1805 1582 Chelis
1824 1569 1838 1596 ,
1881 1530 1972 1601 qui
1999 1526 2065 1582 ad

120 1609 356 1663 Cancros
385 1609 654 1676 Araneas,
694 1607 780 1663 vel
810 1608 873 1662 ad
903 1608 1286 1679 Brachychelas
1314 1603 1621 1658 Rondeletii
1651 1605 1834 1658 referri
1870 1606 2060 1679 posset.

117 1685 533 1758 Cancelli-apud
560 1705 650 1739 nos
690 1703 809 1740 raro
850 1703 1128 1740 occurrunt
1158 1726 1170 1738 .
1215 1683 1564 1755 Frequentius
1592 1682 1701 1737 vidi
1730 1685 1965 1736 Cancros
2006 1684 2065 1737 il-

114 1763 193 1818 los
223 1764 498 1831 minimoS,
542 1766 632 1836 qui
660 1765 713 1817 in
742 1764 925 1818 alienis
951 1763 1124 1819 Testis
1152 1762 1370 1831 vivunt,
1411 1761 1473 1814 de
1504 1761 1688 1833 quibus
1718 1761 2073 1815 Rondeletius

119 1842 281 1895 Libro
310 1860 415 1895 xv1
434 1860 455 1894 1
474 1860 520 1893 1.
565 1843 698 1913 Cap.
717 1862 805 1895 xv,

198 1920 301 1970 ΙΙΙ.
346 1919 399 1971 Si
429 1917 718 1971 Methodus
750 1921 927 1990 aliqua
969 1917 1261 1973 adhibenda
1291 1917 1413 1972 effet
1456 1935 1560 1987 qua
1600 1914 1893 1984 hujusmodi
1936 1917 2065 1969 Ani-

117 1995 282 2049 malia
311 1996 365 2047 in
400 2009 566 2048 certas
582 1994 799 2049 Claffeis
829 1995 1286 2060 distribuerentur,
1328 2009 1385 2045 ut
1413 1993 1646 2047 fecerunt
1664 1993 1898 2047 Botanici
1928 1995 2064 2046 Her-

117 2073 209 2126 bas
250 2070 359 2128 suas
393 2073 542 2126 duce
587 2073 967 2128 Tournefortio
995 2112 1010 2140 ,
1062 2067 1331 2125 Crustacei
1373 2070 1536 2125 Pisces
1579 2071 1851 2124 commode
1895 2069 2062 2124 dividi

118 2151 318 2224 poffent
359 2151 412 2203 in
439 2150 712 2204 Rotundos
752 2152 801 2204 &
841 2152 895 2203 in
923 2154 1128 2223 Longos
1156 2188 1169 2210 .-
1214 2148 1450 2202 Rotundi
1479 2146 1565 2202 seu
1595 2147 1799 2200 Globofi
1843 2148 2059 2202 nomine

122 2232 367 2282 venirent
396 2230 592 2281 Cancri
619 2246 829 2281 omnes.
876 2229 1133 2299 Oblongis
1161 2245 1288 2280 vero
1316 2225 1475 2279 effent
1503 2224 1883 2279 annumerandi
1913 2225 2060 2279 Asta-

119 2305 198 2372 ci,
240 2307 551 2372 Cammari‚
594 2306 857 2377 Squillae,
898 2306 947 2357 8<
988 2306 1091 2358 alia
1118 2340 1136 2371 ,›
1176 2321 1398 2375 quorum
1442 2305 1650 2357 varium
1693 2303 1764 2356 est
1806 2321 2000 2359 nomen
2042 2338 2057 2355 .

118 2381 304 2436 Nostri
347 2382 579 2435 Instituti
622 2383 777 2435 modo
820 2401 924 2436 non
966 2381 1037 2435 est
1091 2380 1496 2434 Crustaceorum
1538 2380 1846 2433 methodum
1889 2380 2012 2434 dare
2041 2419 2059 2447 ‚

114 2460 284 2514 multo
314 2461 487 2513 minus
515 2477 695 2513 eorum
725 2459 1018 2513 Historiam
1048 2457 1270 2513 scribere
1302 2499 1314 2512 .
1349 2458 1559 2531 ‘Aliqua
1588 2475 1765 2512 tamen
1808 2473 1863 2510 ut
1901 2460 1953 2510 in
1985 2456 2061 2510 su-

115 2538 410 2610 perioribus
450 2537 552 2591 feci
584 2576 600 2605 ‚
638 2538 687 2590 8<
729 2537 847 2591 heic
891 2556 958 2591 ex
986 2536 1243 2590 Crustatis
1269 2536 1504 2608 oblongis
1532 2536 1838 2589 memorabo
1866 2574 1881 2602 ‚
1923 2554 2060 2607 quae

117 2614 255 2686 apud
284 2633 374 2667 nos
404 2630 712 2668 occurrunt«
753 2617 932 2669 Primo
973 2615 1086 2669 loco
1129 2614 1200 2668 est
1243 2614 1442 2686 Squilla
1475 2615 1679 2666 Mantis
1719 2612 2062 2685 frequentissi-

117 2709 241 2760 ma,
281 2694 505 2761 Nocchi,
548 2695 878 2761 cannocchi,
919 2695 968 2746 8<
994 2693 1302 2766 Sparnocchi
1345 2692 1493 2745 Italis
1519 2689 1686 2745 diffla.
1730 2692 1899 2760 Hujus
1927 2690 2062 2762 capi-

117 2785 205 2823 tur
245 2770 503 2825 immensa
533 2771 610 2824 vis
652 2771 787 2842 apud
816 2774 959 2825 Nos.
1005 2773 1126 2824 Hae
1155 2772 1287 2824 item
1316 2770 1545 2841 Squillae
1574 2786 1678 2820 non
1710 2784 1819 2820 tam
1849 2768 1942 2820 vili
1969 2768 2058 2820 ha-

120 2848 343 2915 bentur,
384 2866 438 2902 ut
469 2851 663 2902 Cancri
691 2888 708 2916 ,
747 2847 1054 2921 praesertim
1086 2867 1263 2902 earum
1294 2849 1547 2899 Feminae
1577 2846 1785 2917 quando
1812 2863 1929 2896 cum
1958 2845 2062 2897 foe-

124 2942 181 2977 tu
211 2923 354 2978 sunt.
399 2929 553 2979 Tunc
583 2928 724 2979 enim
758 2926 866 2999 post
897 2926 1107 2980 Ostreas
1147 2927 1198 2978 in
1228 2925 1427 2977 Mensis
1457 2923 1650 2995 primas
1691 2939 1901 2975 tenent.
1946 2919 2061 2973 Post

126 3004 351 3057 veniunt
378 3004 609 3077 Squillae
639 3005 876 3071 Gibbae,
917 3022 1139 3077 quarum
1182 3003 1315 3075 apud
1358 3003 1473 3054 Nos
1517 3002 1617 3054 tria
1659 2999 1773 3051 sunt
1816 3015 2057 3072 genera;

128 3081 366 3134 Primum
398 3085 678 3136 minimum
696 3123 711 3151 ,
739 3084 1038 3136 viliffimum
1061 3123 1076 3149 ,
1103 3082 1150 3133 8<
1168 3081 1342 3134 Mami
1372 3079 1524 3132 valde
1553 3078 1747 3142 limile,
1777 3076 1912 3147 quod
1938 3080 2062 3128 Pre-

128 3160 279 3230 gadio
323 3161 483 3233 vulgo
511 3161 780 3232 appellant
810 3201 821 3214 .
866 3160 1064 3231 Squilla
1093 3160 1223 3213 haec
1266 3176 1294 3209 a
1324 3156 1663 3209 Piscatoribus
1688 3171 1795 3208 rete
1840 3172 1941 3206 non
1984 3172 2069 3207 ca-·

134 3237 318 3307 pitur3
362 3237 446 3293 sed
475 3241 628 3293 Mare
671 3237 846 3292 mense
876 3239 1078 3293 Martio
1121 3235 1228 3309 post
1267 3235 1520 3287 Procellas
1563 3234 1699 3285 inter
1741 3231 2062 3307 Qiisquilias

128 3312 332 3384 rejicit,
376 3318 511 3373 inter
538 3335 664 3390 quas
706 3338 735 3374 a
777 3316 997 3370 Rusticis
1038 3332 1160 3371 tunc
1189 3313 1454 3387 colligitur
1496 3312 1548 3364 in
1574 3327 1755 3368 eorum
1794 3313 1842 3364 ὅ(
1868 3312 2064 3381 Paupe-

1871 3405 1987 3440 rum
