2643 4060
649 216 737 285 80
1029 215 1974 295 SPECIMEN

543 386 604 422 ra
643 368 746 421 iter
771 366 966 421 faciens
1006 366 1166 440 probe
1193 364 1319 422 sciet
1347 406 1364 436 ,
1405 365 1611 439 quando
1638 365 1921 423 secundum
1951 369 2107 424 Mare
2152 370 2240 425 via
2279 373 2370 446 ipsi
2412 380 2488 432 tel

545 443 716 499 nenda
742 482 759 512 ‚
799 445 848 497 8(
876 446 1083 520 quando
1125 445 1190 500 ad
1228 448 1465 518 Monteis
1492 485 1508 514 ‚
1549 463 1605 500 ut
1648 448 1709 501 iis
1738 445 1923 501 accidit
1967 448 2057 517 qui
2098 450 2346 504 Arimino
2386 450 2484 508 Fa-

544 539 673 576 num
713 522 800 576 vel
828 525 1146 578 Ravennam
1174 523 1527 594 contendunt,
1567 543 1691 579 nam
1719 527 1772 579 in
1801 526 2005 597 magnis
2031 524 2273 579 Aestibus
2298 530 2386 583 via
2417 528 2487 586 se-

546 598 775 654 cundum
816 602 975 656 Mare
1019 603 1073 655 in
1115 603 1194 654 his
1222 602 1346 656 locis
1388 621 1493 657 non
1524 603 1594 658 est
1636 620 1780 672 tuta,
1822 619 1879 656 ut
1921 604 2025 657 alia
2066 601 2312 659 sexcenta
2340 625 2486 680 prae·

546 692 786 746 temam,
813 698 947 751 quae
975 698 1042 734 ex
1070 681 1262 735 notitia
1291 680 1475 735 Aestus
1505 683 1704 736 Marini
1734 681 1967 736 maxime
1995 682 2253 753 pendent.
2283 687 2487 740 Verum

544 773 638 810 nos
678 773 783 808 non
812 756 1138 812 Astronomis
1170 756 1336 812 solum
1363 757 1662 830 scribimus,
1704 762 1793 833 qui
1821 760 2096 831 diligentia
2138 780 2196 815 ac
2226 764 2488 832 patientia

545 847 747 886 ceteros
788 836 1059 890 mortaleis
1098 835 1339 909 superare
1382 838 1665 907 videntur,
1707 838 1793 892 led
1821 837 2091 904 omnibus,
2133 840 2315 909 quibus
2357 839 2488 893 illud

547 912 787 979 Comici,
828 933 892 965 ne
918 915 1046 984 quid
1067 915 1223 967 nimis
1248 954 1264 982 ‚
1304 914 1615 988 plerumque
1657 917 1814 969 nimis
1856 916 2064 988 placet.
2109 916 2278 968 Satius
2320 918 2486 989 igitur

545 986 891 1059 judicavimus
920 1008 1005 1044 eas
1033 991 1413 1064 Ephemeridas
1442 995 1597 1047 modo
1623 995 1870 1047 omittere
1900 995 1949 1044 fn
1986 993 2150 1046 lucem
2183 992 2351 1063 postea
2384 994 2486 1048 edi-

546 1066 696 1134 turi,
735 1067 771 1119 si
814 1086 1068 1142 umquam
1107 1068 1276 1140 majus
1301 1087 1427 1144 opus
1468 1072 1867 1146 aggrediamur,
1915 1073 1995 1127 vei
2023 1072 2197 1145 aliqva
2241 1091 2484 1144 3220‘150242e-

545 1160 667 1197 mur
691 1182 706 1198 .

949 1278 1855 1357 'APPENDIX
1958 1286 2076 1355 II.

729 1460 964 1514 Voniam
1004 1461 1191 1516 Aestus
1221 1465 1390 1519 Maris
1432 1465 1694 1517 rationem
1723 1464 2009 1535 quamdam
2052 1460 2246 1515 habere
2275 1462 2488 1519 videtur

545 1458 710 1629 Q
759 1557 882 1592 cum
914 1535 1121 1592 ascensu
1161 1541 1211 1592 8(
1251 1540 1493 1595 descensu
1522 1541 1861 1614 Hydrargyri
1903 1542 1957 1594 in
1988 1543 2329 1609 BarometrO,
2369 1542 2489 1595 heic

762 1616 1101 1688 apponendae
1130 1620 1293 1671 etiam
1334 1620 1495 1673 essent
1536 1618 1918 1691 Ephemerides
1949 1619 2341 1673 Barometricae
2384 1638 2489 1673 una

548 1710 670 1747 cum
700 1693 1212 1763 ThermometriciS,
1254 1696 1702 1768 quemadmodum
1732 1697 1844 1751 fieri
1872 1695 2032 1765 solet,
2073 1712 2129 1749 ut
2157 1697 2256 1749 hae
2285 1693 2490 1768 semper

546 1788 650 1826 una
676 1770 985 1845 jungantur.
1028 1774 1232 1826 Verum
1259 1774 1296 1827 si
1329 1776 1573 1828 Marinae
1601 1775 1723 1828 illae
1754 1773 2163 1829 Observationes
2205 1774 2330 1827 licet
2373 1793 2490 1829 rem

542 1867 676 1922 pene
718 1867 914 1904 novam
955 1849 1266 1906 exhibentes
1292 1891 1308 1919 ,
1361 1852 1654 1926 legentibus
1696 1853 1925 1906 multum
1966 1851 2155 1906 fastidii
2197 1868 2483 1921 crearent3

546 1925 672 1997 quid
709 1945 814 1978 non
852 1927 1131 1982 dicendum
1172 1930 1234 1984 de
1268 1932 1639 1985 Barometricis
1666 1931 1716 1983 8(
1744 1930 2223 1984 Thermometricis
2249 1929 2352 1983 istis
2380 1929 2492 1983 Ob-

546 2001 926 2056 servationibus
945 2040 961 2068 ,
1003 2020 1137 2073 quae
1165 2004 1462 2057 Crambem
1492 2002 1755 2057 recoctam
1786 2006 1966 2058 olent.
2012 2007 2318 2059 Eruditulus
2345 2007 2492 2060 enim

544 2080 762 2152 quisque
790 2080 845 2132 in
871 2077 1207 2150 Philosophia
1238 2119 1255 2147 ,
1296 2095 1353 2133 ut
1381 2080 1495 2133 aliis
1522 2078 1698 2133 doetus
1725 2081 1998 2150 videatur,
2039 2082 2075 2135 fi
2102 2083 2177 2135 nil
2204 2082 2347 2136 aliud
2374 2082 2489 2136 scri-

545 2156 775 2212 bendum
803 2156 1029 2224 habeat,
1056 2157 1438 2211 Barometricas
1466 2158 1516 2210 8(
1544 2158 2038 2214 Thermometricas
2078 2160 2234 2214 tricas
2276 2158 2452 2214 scribit
2471 2199 2489 2229 ,

547 2250 607 2288 ut
634 2233 789 2287 modo
815 2234 987 2287 Libris
1028 2234 1219 2288 harum
1255 2233 1704 2290 Observationum
1730 2237 1937 2292 refertis
1966 2239 2117 2290 obrui
2146 2237 2489 2310 quodammo-

546 2311 612 2365 do
639 2311 915 2367 videamur
946 2352 959 2365 .
1004 2314 1184 2385 Quare
1219 2311 1372 2368 hasce
1398 2313 1644 2369 libentius
1669 2316 2143 2388 praetermittimus
2171 2355 2184 2368 .
2229 2315 2490 2369 Addimus

546 2404 730 2442 tamen
771 2389 909 2462 quod
936 2391 985 2442 8(
1011 2390 1066 2448 in
1084 2389 1293 2444 Scholio
1324 2391 1691 2464 Propofitionis
1725 2408 1853 2448 XII.
1883 2395 2215 2462 notavimu3‚
2242 2396 2492 2448 Barome-

547 2481 692 2520 trum
720 2466 1028 2540 plerumque
1071 2469 1208 2541 apud
1248 2487 1338 2524 nos
1380 2469 1544 2523 tribus
1582 2472 1671 2526 vel
1701 2487 1925 2543 quatuor
1949 2471 2098 2526 lineis
2138 2472 2274 2524 circa
2315 2472 2489 2524 Novi·

546 2543 692 2597 lunia
733 2544 782 2595 8(
809 2544 1100 2598 Plenilunia
1128 2545 1386 2618 deprimi,
1427 2547 1612 2602 deinde
1641 2550 1788 2617 tolli,
1831 2564 1888 2602 ut
1916 2549 2074 2602 tertia
2103 2548 2194 2600 illa
2222 2547 2304 2601 die
2331 2547 2492 2618 majo-

547 2621 616 2673 ris
643 2619 827 2674 Aestus
854 2620 965 2694 post
993 2620 1401 2693 Conjunctiones
1440 2624 1551 2678 fere
1580 2624 1785 2699 semper
1813 2627 1867 2680 in
1896 2625 2170 2698 pristinum
2197 2623 2387 2678 statum
2413 2643 2493 2680 re-

545 2697 787 2772 digatur,
815 2700 869 2754 ni
899 2700 1069 2772 magis
1099 2701 1400 2756 attollatur.
1447 2703 1649 2757 Verum
1676 2720 1733 2757 ut
1750 2705 2025 2759 Notitiam
2057 2702 2346 2776 quamdam
2372 2706 2492 2756 Mo-

547 2791 699 2830 tuum
729 2777 989 2846 majorum
1016 2779 1310 2833 Barometri
1336 2818 1353 2847 ,
1395 2780 1485 2852 qui
1524 2799 1619 2853 per
1657 2780 1757 2835 hoc
1799 2782 2219 2855 quinquennium
2261 2782 2492 2853 contige-

545 2869 700 2922 runt,
731 2855 1105 2909 exhibeamus:
1150 2857 1288 2909 Dico
1316 2859 1718 2928 Barometrum,
1746 2857 1832 2913 seu
1861 2861 2044 2914 melius
2072 2858 2490 2930 Hydrargyrum

544 2932 601 2985 in
618 2934 929 2986 Barometro
958 2932 1088 2988 stare
1120 2934 1255 3005 apud
1281 2953 1372 2988 nos
1397 2934 1708 3009 plerumque
1737 2937 1802 2990 ad
1830 2937 2167 2992 altitudinem
2199 2935 2490 3006 digitorum

550 3024 818 3065 XXVIII.
850 3010 1234 3065 Parisienfium.
1284 3015 1463 3088 Quare
1496 3012 1614 3067 heic
1641 3015 1816 3067 minor
1844 3014 2066 3068 altitudo
2095 3014 2150 3065 in
2178 3015 2493 3066 Earometro

547 3087 769 3161 contigit
801 3089 976 3143 Nonis
1003 3088 1302 3144 Februariis
1343 3107 1479 3143 anno
1511 3106 2103 3147 CIOIDCCXXXVII.
2147 3093 2307 3144 flante
2341 3090 2493 3144 Afri-

546 3181 635 3231 c0‚
676 3164 760 3219 seu
789 3167 890 3221 SW
934 3167 1084 3221 Nive
1112 3167 1159 3218 8(
1188 3167 1373 3222 Pluvia
1399 3166 1648 3236 cadente,
1690 3188 1825 3242 quae
1857 3185 1972 3223 erat
2011 3169 2075 3223 acl
2101 3167 2290 3241 digitos
2323 3186 2408 3237 27.
2440 3169 2492 3221 8(

545 3237 580 3292 l.
596 3258 646 3308 4.
690 3240 775 3295 sed
806 3241 1031 3316 Vespere
1061 3241 1289 3315 ejusdem
1317 3245 1419 3299 diei
1448 3246 1625 3299 nubilo
1642 3247 1839 3315 Cae10‚
1866 3247 2075 3315 Circio‚
2102 3244 2187 3300 seu
2211 3246 2333 3298 Nw
2359 3248 2487 3301 flan-

546 3330 631 3386 te,
670 3315 866 3373 lineam
895 3339 1052 3375 unam
1082 3319 1309 3378 ascendit
1336 3362 1346 3376 .
1394 3322 1589 3379 Pluries
1618 3341 1712 3398 per
1738 3323 1835 3380 hoc
1862 3325 2280 3400 quinquennium
2324 3323 2386 3377 ad
2414 3323 2485 3378 di-

2191 3419 2290 3476 git.
2316 3420 2403 3472 27.
