2643 4060
631 246 676 306 4
1015 214 2007 293 PRAEFAT10;

533 367 589 422 in
615 365 830 425 modum
856 383 958 419 una
984 382 1102 418 cum
1120 362 1333 433 reliquis
1349 362 1561 432 optimis
1578 361 1826 428 Artibus,
1853 380 1986 433 quae
2004 357 2067 414 ad
2083 356 2469 432 Philosophiam

535 444 931 515 Historiamque
961 440 1284 496 Naturalem
1304 478 1318 506 ,
1361 440 1409 490 8<
1437 441 1576 493 Rem
1605 438 1876 492 Medicam
1903 438 2170 511 pertinent
2198 440 2468 505 excrevit,

538 538 699 593 atque
742 520 1001 574 excolitur
1028 559 1044 587 ,
1083 534 1140 571 ut
1167 516 1320 569 hodie
1363 535 1542 569 cernas
1585 517 1809 570 eximios
1850 513 2214 587 Philosopth
2255 515 2473 586 Regios-

537 594 637 671 que
679 616 811 670 pene
849 596 1086 652 Medicos
1128 593 1359 648 Conchis
1402 593 1750 667 Cochleisque
1793 612 1912 646 cum
1954 593 2135 665 primis
2176 589 2428 646 obleRari
2455 629 2472 659 ,

535 675 838 747 Scriniaque
868 673 1199 728 refertiffima
1229 689 1412 725 earum
1437 665 1662 739 habere,
1703 688 1860 743 atque
1887 671 2069 722 Libros
2097 669 2378 741 perpolitos
2406 668 2469 721 de

535 753 615 807 his
643 751 826 807 edere.
872 750 1055 805 Testes
1081 750 1214 804 mihi
1255 749 1353 802 fint
1394 749 1450 801 in
1491 749 1590 802 hac
1618 767 1672 801 re
1718 748 1981 802 Martinus
2009 746 2233 800 Listerus
2274 748 2468 799 Annae

534 833 768 904 Magnae
798 829 1099 884 Britanniae
1127 828 1369 900 Reginae
1412 825 1650 879 Medicus
1677 865 1693 893 ,
1736 826 1961 878 Hanfius
1988 825 2220 878 Sloanius
2266 822 2468 879 Acade-

533 910 673 962 miae
715 907 1048 967 Britannicae
1088 901 1413 973 Praefefflus,
1454 904 1716 964 Antonius
1744 902 2084 969 Vallisnerius
2123 898 2326 954 Doclor
2367 900 2473 954 Pri-

534 986 730 1040 marius
766 985 1049 1039 Patavinus
1075 1022 1091 1051 ,
1133 983 1183 1034 8<
1223 981 1462 1034 Medicus
1503 978 1788 1034 Caesareus
1815 1019 1830 1048 ,
1871 979 2127 1033 Nicolaus
2170 977 2471 1031 Gualterius

531 1063 724 1135 Magni
750 1063 912 1115 Ducis
940 1060 1218 1126 Etruriae,
1258 1058 1307 1109 8<
1334 1059 1515 1110 Petrus
1543 1056 1870 1110 Christianus
1899 1058 2193 1128 XVagnerus
2219 1055 2471 1125 Principis

532 1140 809 1196 Baruthini
840 1138 1070 1204 Medici,
1110 1134 1358 1208 Josephus
1383 1136 1626 1188 Montius
1668 1132 1956 1187 Historicus
1985 1132 2262 1186 Naturalis
2303 1132 2352 1183 8<
2379 1134 2473 1184 Bo-

530 1219 732 1273 tanicus
761 1215 1090 1270 Bononiensis
1117 1253 1132 1281 ‚
1173 1211 1467 1266 Ludovicus
1507 1214 1856 1284 Bourguettus
1897 1208 2234 1281 Philosophus
2263 1210 2469 1261 Neoco-

529 1294 746 1363 mens1S‚
788 1295 981 1366 aliique
1023 1289 1358 1364 quamplures
1386 1330 1402 1358 ‚
1444 1289 1534 1362 qui
1578 1289 1711 1342 hanc
1754 1307 1866 1343 rem
1908 1285 2109 1359 scriptis
2150 1288 2198 1338 8<
2226 1286 2469 1340 Cimeliis

531 1372 902 1439 excoluerunt,
944 1387 1167 1442 quorum
1194 1369 1359 1421 etiam
1389 1367 1627 1421 nonnulli
1646 1363 1897 1421 Auclores
1916 1405 1931 1433 ,
1973 1367 2329 1436 fautoresque
2359 1365 2471 1417 Stu-

528 1449 735 1504 diorum
762 1448 1051 1501 nostrorum
1080 1444 1419 1499 exstiterunt.
1461 1446 1546 1498 De
1575 1442 1890 1516 praestantia
1918 1461 2045 1496 vero
2074 1441 2264 1495 harum
2292 1460 2470 1496 rerum

527 1526 755 1602 praestat
782 1524 997 1598 quidem
1040 1523 1183 1577 silere
1228 1541 1390 1594 quam
1431 1540 1596 1594 pauca
1624 1521 1794 1574 dicere
1820 1560 1835 1588 ,
1877 1539 2064 1574 verum
2106 1519 2282 1590 aliqua
2313 1517 2468 1571 modo

528 1624 632 1659 non
659 1604 1086 1677 praetermittam
1115 1641 1126 1653 .
1172 1602 1452 1654 Praetereo
1481 1599 1695 1672 quidem
1725 1616 1999 1669 tamquam
2027 1596 2340 1669 jampridem
2382 1596 2468 1648 ob-

525 1681 747 1736 soletum
789 1721 806 1749 ,
856 1679 1023 1733 solum
1065 1677 1486 1747 Conchyliorum
1529 1675 1736 1729 succum
1779 1694 1964 1748 regum
2001 1674 2184 1729 vesteis
2212 1714 2228 1742 ,
2269 1675 2318 1725 8<
2359 1690 2470 1726 ma-

524 1775 806 1834 gnatorum.
834 1757 963 1811 olim
992 1755 1247 1822 infecisse,
1288 1756 1338 1806 δε
1364 1757 1514 1808 unice
1543 1753 1691 1825 hujus
1717 1754 1888 1807 colore
1919 1767 1975 1804 ut
2003 1770 2032 1805 a
2060 1751 2281 1823 privatis
2308 1749 2468 1820 sejun-

523 1852 772 1911 gerentur
810 1834 1014 1888 fulxiffe
1049 1873 1063 1886 .
1107 1835 1386 1886 Praetereo
1414 1832 1645 1884 Vniones
1687 1850 1797 1902 quae
1841 1826 2007 1902 reipsa
2050 1828 2123 1880 nil
2167 1827 2306 1880 aliud
2349 1826 2467 1881 sunt

521 1915 615 1967 nisi
643 1912 980 1967 Concharum
1009 1910 1142 1964 vitia
1168 1949 1184 1978 ,
1227 1910 1525 1962 maximum
1554 1925 1734 1962 tamen
1776 1909 1825 1959 3<
1853 1904 2269 1979 pretiosissimum
2300 1904 2466 1956 omni-

521 1991 615 2045 bus
641 1990 961 2062 temporibus
987 1990 1359 2040 Matronarum
1376 2026 1392 2054 ,
1421 1987 1469 2038 8<
1498 1986 1798 2056 Principum
1816 1984 2158 2037 Feminarum
2188 1998 2464 2035 ornamen-

521 2081 672 2122 tum.
715 2070 847 2121 Non
886 2064 1182 2139 praeteribo
1224 2080 1408 2117 tamen
1449 2062 1693 2116 Conchas
1720 2101 1736 2130 ‚
1777 2061 2109 2132 marinosque
2140 2057 2463 2123 Vmbilicos,

522 2161 800 2216 ceteraque
828 2143 881 2197 id
907 2162 1065 2217 genus
1092 2140 1542 2211 Conchyliorum,
1585 2159 1717 2211 quae
1761 2140 1814 2192 in
1841 2138 2080 2191 omnibus
2121 2136 2231 2190 fere
2271 2136 2464 2190 monti-

520 2224 612 2276 bus
641 2223 798 2274 Orbis
813 2224 1105 2275 Terrarum
1134 2219 1492 2290 reperiuntur,
1521 2217 1725 2272 Testeis
1753 2215 1851 2271 effe
1881 2214 2170 2270 luculentos
2198 2213 2378 2285 magni
2404 2212 2462 2265 il-

519 2301 618 2353 lius
644 2298 906 2353 Noachici
937 2296 1264 2366 Cataclysmi
1293 2334 1309 2362 ,
1351 2313 1511 2365 quem
1540 2314 1608 2348 ex
1634 2295 1714 2347 his
1743 2293 1977 2364 reliquiis
2005 2304 2336 2363 agnoverunt
2365 2291 2458 2341 Po-

519 2377 630 2449 puli
654 2376 765 2428 fere
792 2374 1015 2428 universi
1045 2413 1059 2440 ,
1101 2390 1424 2444 quamquam
1451 2369 1624 2443 postea
1651 2370 1838 2424 fabulis
1865 2368 2044 2421 multis
2086 2384 2228 2419 more
2259 2364 2345 2418 suo
2387 2367 2463 2418 in-

520 2453 833 2520 volverunt,
875 2466 931 2503 ut
962 2451 1249 2504 Venulinus
1276 2451 1433 2499 Poeta
1461 2447 1561 2518 (a)
1589 2487 1605 2515 ‚
1646 2449 1695 2498 8<
1727 2442 2076 2501 Certaldenfis
2102 2441 2275 2497 noster
2316 2440 2416 2513 (h)
2443 2481 2461 2510 ,

520 2547 744 2605 quorum
781 2529 981 2602 primus
1022 2526 1087 2581 fic
1123 2522 1522 2595 Cataclysmum
1567 2522 1683 2578 Ode
1714 2526 1784 2576 ΙΙ.
1830 2525 2078 2589 innuens,
2115 2520 2223 2577 ait:

712 2688 882 2740 Omne
922 2702 1077 2757 quum
1115 2686 1330 2738 Proteus
1362 2695 1514 2756 pecus
1553 2681 1660 2755 egit
1690 2678 1823 2734 altos

1336 2759 1506 2831 Visere
1532 2760 1775 2825 monteis,

708 2840 935 2914 Piscium
976 2836 1260 2911 &summa
1295 2857 1455 2911 genus
1494 2833 1663 2910 haesit·
1705 2831 1873 2887 ulmo,

553 2997 887 3066 Graecusque
930 2995 1278 3066 Xenophanes
1318 2993 1518 3050 fatetur
1546 2993 1709 3048 etiam
1738 3010 1806 3045 ex
1835 2990 1916 3044 his
1945 2988 2102 3050 πάντα
2135 2982 2459 3044 ἐπηλωθὶἶσ-αι

520 3073 708 3131 πάλαι.
739 3073 940 3129 Omnia
967 3070 1160 3128 scilicet
1189 3073 1336 3145 aquis
1365 3073 1414 3126 δ(
1432 3071 1543 3128 luto
1568 3070 1698 3127 olim
1723 3066 1919 3126 infe-:cla
1948 3068 2122 3140 fuisse,
2151 3067 2273 3120 Hae
2301 3060 2456 3112 nimi-

2255 3155 2373 3194 rum

566 3274 644 3324 (a)
670 3277 802 3313 Horat.
823 3277 992 3315 Carmin.
1021 3277 1090 3315 lib.
1106 3290 1138 3314 1.
1168 3274 1310 3317 Od,11.

565 3325 644 3382 (b)
671 3327 1024 3378 Boccae.Phil0c0p.
1054 3325 1169 3378 lih.7.
