2643 4060
695 238 792 308 66
1079 234 2021 313 SPECIMEN

591 400 648 444 ta·
689 389 738 441 8<
765 384 1052 459 tranquilla
1080 426 1093 439 .
1140 387 1433 460 Oporteret
1460 383 1603 438 enim
1630 384 1801 459 potius
1828 383 1966 437 circa
1995 381 2312 455 Meridiem,
2351 388 2402 441 8<
2442 391 2538 444 cir-2

595 485 656 519 ca
682 465 923 518 Mediam
951 462 1203 519 Noctem
1220 466 1424 537 Aegros
1451 462 1667 519 interire
1694 504 1710 533 ,
1751 478 1809 516 ut
1836 463 1884 515 8<
1911 480 2116 535 quoque
2145 464 2412 520 intereunt
2438 466 2538 524 hoc

591 559 830 615 tempore
853 582 869 612 ,
911 544 960 596 8<
989 542 1205 616 quidem
1246 541 1440 611 multi,
1484 560 1643 614 quum
1676 540 1907 596 Meridie
1937 542 1986 593 8<
2012 538 2196 599 Media
2224 539 2400 597 Noffle
2429 561 2536 598 ma-

587 623 669 696 gis
697 618 940 683 fluctibus
968 620 1166 676 aestuet
1192 623 1380 689 Mare,
1423 621 1473 673 8<
1500 622 1612 675 Aer
1638 621 1824 675 Ventis
1852 660 1865 672 .
1909 621 2112 673 Verum
2143 618 2270 674 scire
2299 621 2424 675 licet
2450 620 2540 676 du-

589 699 715 773 plici
758 698 821 752 de
854 699 1022 755 cauffa
1051 719 1233 772 aegros
1261 700 1398 773 posse
1429 700 1645 753 interire
1674 740 1689 768 ,
1731 699 1818 754 vel
1860 697 1990 750 Solis
2030 698 2080 750 8<
2119 701 2300 754 Lunae
2340 699 2396 759 in
2424 701 2541 753 Hu-

588 796 762 834 mores
804 778 1056 850 Corporis
1097 779 1304 850 impe-tu
1344 776 1516 846 saeco,
1557 778 1606 831 8<
1637 777 1781 831 Vafis
1811 776 2083 848 disruptiS,
2123 777 2174 834 8(
2215 795 2337 831 tunc
2366 779 2537 851 Aegri

590 857 647 910 in
675 855 851 908 Fluxu
873 894 889 924 ,
931 853 1016 909 seu
1043 856 1180 909 circa
1208 855 1443 914 mediam
1471 854 1739 924 Noctem,
1781 856 1865 910 vel
1895 855 2032 908 circa
2062 854 2351 910 Meridiem
2379 856 2537 910 inter-

585 934 768 989 ibunt:
818 932 917 996 Vel
945 932 1080 986 Crisi
1125 936 1176 986 in
1216 935 1331 988 loca
1370 954 1477 988 non
1518 935 1840 988 conferentia
1880 931 2017 986 facia
2044 971 2060 1000 ,
2101 930 2303 988 scilicet.
2337 933 2393 986 in
2433 934 2536 986 Ca·-

587 1028 715 1086 put,
756 1010 1066 1079 PulmoneS,
1106 1013 1290 1085 Jecur,
1333 1013 1540 1086 aliaque
1569 1010 1813 1079 Viscera,
1855 1012 1904 1063 8<
1937 1011 2035 1065 hac
2062 1012 2310 1082 peribunt
2337 1011 2536 1083 Aegri,

587 1092 681 1164 qui
723 1090 945 1144 Oriente
989 1089 1105 1146 Sole
1148 1091 1236 1144 vel
1281 1088 1571 1146 Occidente
1614 1105 1834 1163 pereunt
1869 1128 1883 1142 .
1928 1088 2395 1163 Qemadmodum
2434 1089 2536 1143 hoc

586 1183 829 1240 tempore
861 1167 1048 1222 melius
1076 1167 1387 1242 plerumque
1415 1168 1464 1225 se
1492 1168 1694 1223 habent
1723 1169 1890 1241 Aegri
1934 1169 2246 1221 remittente
2285 1185 2379 1241 per
2416 1168 2535 1222 Cri-

585 1245 683 1299 sim
708 1246 1084 1317 particularem
1116 1248 1307 1301 Morbo
1335 1287 1348 1300 .
1392 1248 1479 1301 Ad
1506 1247 1700 1300 Crifim
1729 1248 1871 1300 enim
1900 1247 2046 1318 quies
2079 1245 2338 1319 quaedam
2366 1245 2536 1317 requi-

584 1326 750 1390 ritur,
791 1321 877 1377 seu
905 1323 1067 1380 aestus
1097 1325 1428 1398 impetusque
1458 1325 1662 1393 minor,
1704 1327 1793 1395 qui
1824 1340 1965 1379 certe
1996 1325 2340 1395 plerumque,
2382 1338 2439 1376 ut
2467 1341 2535 1377 ex

584 1401 733 1456 Mari
763 1418 981 1473 apparet
1008 1441 1026 1469 ,
1066 1401 1234 1473 major
1260 1403 1331 1457 est
1372 1403 1585 1458 Aestate
1614 1402 1830 1474 quidem
1864 1402 2087 1455 Oriente
2115 1417 2134 1470 3
2179 1403 2379 1457 Hieme
2408 1418 2534 1456 vero

583 1477 875 1535 Occidente
910 1478 1058 1533 Sole,

880 1633 1746 1711 PROPOSJTIO
1822 1633 2220 1705 VLTIMA.

578 1783 782 1854 Mare
824 1784 1152 1881 Superum
1189 1807 1420 1851 revera
1457 1780 1910 1879 Proprietates
1965 1779 2202 1881 magni
2260 1778 2533 1871 alicujus

682 1887 946 1956 fluenti
975 1885 1218 1967 habet3
1252 1913 1462 1986 quum
1496 1887 1751 1956 horum
1780 1884 1982 1954 instar
2009 1886 2270 1956 cursum
2302 1911 2533 1985 quem-

682 1988 838 2057 dam
879 2009 1284 2084 perpetuum
1320 1992 1534 2055 servet
1570 2015 1587 2065 3
1644 1991 1711 2054 in
1762 1992 1980 2063 Alveo
2024 1990 2143 2064 suo
2187 1990 2531 2069 elevetur3

679 2091 1031 2191 ipsumque
1087 2090 1431 2168 interdum
1490 2088 1861 2169 Alluvione
1890 2145 1909 2180 ,
1968 2092 2076 2160 vel
2106 2092 2529 2162 Corrofione

682 2195 972 2295 quadam
1010 2191 1412 2294 quibusdam
1449 2193 1516 2262 in
1549 2195 1712 2264 locis
1742 2212 2003 2286 mutet,
2059 2194 2127 2271 δ(
2159 2214 2377 2267 cetera
2414 2222 2527 2301 pa..-

679 2302 890 2370 tiatur
920 2356 940 2393 ,
996 2326 1163 2402 quae
1193 2296 1617 2370 Fluminibus
1653 2298 1963 2370 accidunt
1986 2352 2004 2379 ,

994 2486 2088 2541 SCHOLIVMI.

580 2650 582 2652 ’
718 2635 962 2691 Ostrema
990 2635 1121 2692 haec
1151 2636 1436 2709 Propofitio
1477 2637 1650 2708 potius
1692 2636 1918 2692 aliorum
1948 2635 2421 2710 Observationibus
2449 2640 2524 2696 in-

742 2715 930 2769 nititur
956 2755 972 2784 ,
1014 2733 1176 2788 quam
1219 2714 1443 2784 nostri33
1487 2717 1768 2770 Praeterea
1811 2716 1910 2771 fide
1955 2715 2343 2771 Historicorum
2385 2734 2521 2773 tem·

571 2793 711 2865 poris
753 2790 927 2847 exacti
969 2833 985 2862 ,
1039 2794 1088 2846 8<
1130 2793 1599 2866 Contemplatione
1642 2793 2006 2868 Philosophica
2061 2795 2229 2868 magis
2271 2795 2475 2869 indiget
2500 2835 2518 2865 ,

571 2889 735 2942 quam
778 2870 1278 2940 ObservationibuS,
1319 2890 1453 2945 quae
1497 2890 1591 2944 per
1616 2873 1802 2927 Vitam
1833 2874 1980 2926 unius
2007 2874 2292 2942 HominiS,
2322 2873 2519 2928 nedum

567 2966 664 3020 per
699 2951 1137 3025 Quinquennium
1165 2990 1182 3018 ,
1224 2950 1337 3005 fieri
1378 2950 1563 3024 postint
1591 2990 1605 3004 .
1661 2950 2035 3006 Hadriaticum
2079 2952 2262 3009 Sinum
2302 2967 2517 3022 praeter

569 3026 801 3081 fluxum
846 3029 895 3080 8<
923 3030 1213 3084 Refluxum
1238 3069 1254 3097 ,
1295 3027 1381 3084 seu
1410 3029 1628 3082 Aestum
1656 3032 1952 3099 marinum,
1994 3030 2084 3102 qui
2126 3048 2156 3087 a
2183 3029 2515 3102 generalibus

569 3104 766 3159 Caussis
810 3106 1046 3162 Vniversi
1074 3146 1090 3175 ,
1131 3125 1321 3179 nempe
1365 3125 1396 3161 a
1437 3106 1566 3159 Solis
1609 3109 1893 3181 Lunaeque
1938 3123 2088 3161 motu
2115 3147 2131 3176 ,
2173 3107 2346 3162 aliave
2390 3126 2515 3180 qua-

570 3198 792 3254 cumque
834 3184 1046 3242 alterius
1087 3185 1335 3250 Planetae
1376 3185 1639 3257 vertigine
1684 3186 1911 3258 pendere
1955 3185 2122 3258 potest
2148 3225 2165 3253 ,
2207 3186 2255 3237 8<
2295 3202 2515 3257 praeter

570 3257 991 3332 FluffluationeS,
1032 3264 1080 3326 ὃ(
1108 3262 1541 3322 Intumescentias
1569 3265 1768 3331 variaS,
1800 3284 1925 3337 quas
1952 3264 2041 3335 ipfi
2068 3280 2348 3336 procreant
2375 3267 2512 3318 Ven-

571 3335 614 3392 ti
644 3374 660 3405 ,
702 3336 1044 3410 luperioribus
1071 3343 1298 3398 Saeculis
1324 3340 1539 3415 quidam
1566 3342 1761 3398 Veneti
1801 3343 1904 3399 Rei
1931 3341 2158 3418 Naxsalis
2201 3339 2455 3395 Praefeffl
2492 3381 2507 3410 ,

2301 3436 2428 3492 quos
