2643 4060
464 205 949 287 ‘AESTUS
1028 205 1737 287 MAR1T1M1.
1906 231 1974 304 33

559 357 668 439 ‘s
746 359 795 410 c
875 357 939 434 Η
1008 358 1055 409 o
1132 358 1180 410 L
1259 360 1292 410 J
1365 360 1419 411 V
1485 360 1577 410 Μ.

322 488 422 541 Vic
448 488 634 544 itidem
661 487 1003 561 Propofitioni
1031 490 1104 543 nil
1131 490 1241 546 fere
1269 488 1566 546 addendum
1592 489 1844 547 habemus
1865 530 1879 545 .
1922 491 2069 544 Dici-

350 585 464 620 mus
493 582 700 621 tantum
729 585 824 640 per
851 566 1260 623 Observationes
1287 570 1702 641 quamplurimas
1741 569 2069 643 cognovisse,

134 646 297 699 tertia
331 645 436 697 Die
479 643 586 716 post
617 645 973 700 Novilunium
1000 685 1015 713 ,
1056 647 1105 699 8<
1133 647 1240 720 post
1270 646 1625 700 Plenilunium
1666 645 1870 720 semper
1912 646 2075 702 aestus

133 721 360 794 majores
388 721 533 777 fuisse
560 761 578 792 ,
620 723 669 776 8<
712 723 870 797 dupla
897 721 1007 779 fere
1034 764 1052 794 ,
1092 741 1149 779 ut
1175 725 1438 794 diximuS,
1475 724 1712 795 ratione,
1753 745 1812 781 ac
1852 726 1907 779 in
1935 728 2075 802 Qlst'f

133 799 390 855 draturiS.

492 932 1427 1023 PRoPoslTlo
1537 935 1712 1005 ML

127 1093 296 1168 Dies
328 1093 459 1194 ipse
485 1093 945 1168 Solstitiorum
968 1152 987 1188 ,
1014 1096 1119 1167 vel
1143 1093 1763 1196 Aequinofifiorum
1792 1090 1886 1161 nil
1917 1115 2077 1164 cona

234 1199 367 1272 fert
424 1199 504 1270 ad
561 1204 895 1292 majorem
950 1201 1579 1289 intumescentiam‚
1633 1201 1738 1267 vel
1782 1197 2076 1266 detume-

231 1303 558 1373 scentiam
601 1306 817 1374 Maris
846 1359 865 1395 ‚
919 1304 1025 1373 sed
1054 1331 1128 1374 ea
1165 1308 1353 1375 Luna
1391 1329 1555 1404 quae
1593 1301 1887 1372 Solstitia
1911 1358 1929 1391 ‚
1968 1302 2076 1372 vel

233 1403 687 1505 Aequinoffda
725 1408 1036 1505 proxime
1077 1409 1373 1506 sequitur
1428 1409 1575 1504 plus
1632 1408 1833 1476 Mare
1868 1409 2081 1474 eleva-

232 1528 344 1578 tur
375 1564 394 1599 ,
449 1507 518 1582 ὅτ
540 1511 686 1610 plus
714 1511 1154 1612 deprimitur,
1209 1537 1415 1613 quam
1449 1514 1519 1581 in
1555 1510 1829 1610 reliquis
1860 1513 2077 1600 Luna-2,

232 1609 577 1687 tionibus,

620 1766 1583 1823 SCHOLIVMa

282 1904 285 1906 ’
326 1909 397 1962 IL
428 1905 598 1981 ipsum
624 1907 1131 1980 Aequinofflorum,
1171 1910 1257 1966 vel
1285 1910 1633 1965 Solstitiorum
1657 1902 1826 1962 Diem
1865 1903 1930 1958 ad
1957 1907 2076 1960 Maa-

355 1987 422 2038 ris
465 1986 662 2038 aestum
704 1984 940 2038 conferre
991 1987 1187 2058 pluries
1227 1987 1621 2058 exploravimus
1663 2024 1677 2039 .
1732 1987 1888 2037 Tunc
1931 1985 2077 2037 enim

127 2065 287 2118 Mare
330 2065 498 2136 Leges
539 2062 848 2115 Lunationis
888 2062 1172 2134 praesentis
1214 2080 1454 2118 accurate
1497 2063 1730 2136 sequitur
1755 2099 1767 2114 .
1814 2063 1993 2134 Quare
2036 2059 2073 2113 si

129 2142 262 2195 Dies
290 2137 799 2213 Aequinoffiorum‚
840 2140 926 2194 vel
954 2140 1304 2194 Solstitiorum
1332 2140 1535 2195 accidat
1563 2142 1618 2194 in
1644 2137 1754 2212 ipsa
1777 2136 2073 2214 Qadratu·

128 2236 221 2286 ra,
262 2232 385 2271 tunc
413 2220 570 2271 Mare
613 2219 714 2270 erit
743 2218 978 2271 maxime
1006 2218 1335 2291 depressum,
1379 2237 1434 2273 ut
1462 2219 1565 2273 fert
1608 2217 1763 2271 status
1793 2219 1973 2272 Lunae
2015 2215 2076 2268 il·

125 2295 225 2350 lius
266 2293 549 2368 praesentis
576 2333 590 2346 .
646 2296 894 2367 Sequenti
938 2312 1121 2350 tamen
1164 2294 1348 2349 Mense
1391 2298 1441 2348 δε
1481 2299 1631 2349 Luna
1684 2311 1809 2348 tunc
1853 2291 2073 2364 majores

127 2372 315 2428 Aestus
353 2375 663 2446 contingunt
690 2412 706 2441 ‚
748 2391 907 2444 quam
949 2375 1278 2446 contigerant
1320 2374 1407 2428 vel
1437 2371 1548 2446 ipsa
1577 2376 1726 2426 Luna
1752 2369 1914 2423 Plena
1956 2370 2072 2424 No·

130 2470 306 2524 vaque
338 2448 844 2523 Aequinoeiiorum,
886 2467 975 2505 aut
1016 2451 1365 2505 Solstitiorum
1393 2491 1407 2504 .
1452 2450 1640 2504 Aestus
1668 2466 1793 2503 vero
1818 2487 1834 2514 ‚
1876 2463 1933 2500 ut
1975 2466 2075 2521 ego

125 2530 345 2603 quidem
386 2548 480 2601 per
520 2529 942 2601 quinquennium
981 2527 1304 2597 observavi,
1346 2526 1552 2601 semper
1591 2526 1706 2582 sunt
1749 2524 1968 2596 majores
2008 2544 2072 2581 ea

127 2611 279 2663 Luna
322 2605 431 2679 post
456 2606 684 2659 Solstitia
709 2638 727 2673 ,-
767 2625 929 2679 quam
961 2626 1024 2663 ea
1065 2606 1176 2680 post
1202 2604 1557 2679 Aequinoffla
1587 2623 1603 2675 ;
1647 2604 1811 2677 quue
1853 2603 2069 2658 cuilibet

127 2685 362 2760 patebit,
402 2683 436 2737 si
481 2683 711 2761 Qlintili
755 2683 939 2739 Mense
964 2725 981 2753 ,
1021 2685 1108 2741 vel
1148 2685 1396 2758 Januario
1435 2685 1740 2757 frequenter
1783 2683 1938 2735 Mare
1981 2699 2068 2733 no-

128 2763 294 2818 strum
321 2759 510 2816 invisat
527 2802 540 2815 .
569 2760 808 2816 Receffus
834 2764 978 2816 enim
1001 2781 1217 2836 magnos
1234 2764 1432 2831 MariS,
1459 2763 1627 2818 veluti
1656 2762 1846 2815 Brevia
1873 2760 1923 2811 8(
1949 2760 2067 2829 Syr-

127 2856 208 2897 tes
236 2843 291 2895 in
318 2841 523 2894 Littore
560 2840 729 2893 nostro
757 2857 995 2913 tempore
1035 2843 1291 2894 Refluxus
1320 2839 1599 2912 conspiciet
1625 2878 1643 2907 ‚
1683 2854 1786 2911 quo
1827 2852 2068 2907 tempore

128 2920 348 2974 cuilibet
381 2917 562 2972 Aestus
590 2919 821 2971 marinus
850 2918 908 2972 fit
938 2917 1257 2972 manifestior
1299 2935 1459 2989 quam
1484 2919 1540 2970 in
1567 2918 1773 2983 Fluxu;
1819 2914 2064 2969 Tellinae

127 2999 274 3053 enim
303 2997 499 3051 multae
527 2998 576 3049 8<
603 2999 781 3051 variae
811 2998 865 3049 in
890 2997 1017 3051 sicco
1044 2997 1263 3050 haerent
1295 2994 1559 3067 sepultae,
1599 3012 1660 3047 ac
1702 2993 1805 3045 fine
1842 2991 2076 3045 Retibus

128 3076 181 3129 8<
206 3075 572 3130 Instrumentis
599 3072 891 3129 Piscatoriis
935 3076 986 3128 in
1013 3076 1189 3129 cibum
1216 3073 1559 3145 colliguntur.
1601 3067 1786 3123 Mense
1815 3068 2065 3141 Januario

133 3154 318 3211 Aestus
349 3172 567 3226 magnos
597 3153 707 3207 fieri
738 3154 790 3206 in
819 3155 963 3207 Mari
992 3152 1161 3206 nostro
1188 3169 1516 3223 compertum
1545 3150 1742 3201 habent
1770 3148 1819 3199 8<
1845 3148 2066 3201 Nautae

134 3249 316 3284 omnes
342 3271 359 3300 ,
399 3232 489 3305 qui
516 3232 869 3286 communiter
895 3232 1038 3304 loqui
1066 3229 1229 3285 solent
1260 3247 1270 3280 t
1317 3231 1390 3281 Di
1419 3229 1653 3292 Gennajo
1684 3224 1735 3278 le
1765 3230 1942 3297 Aeque
1970 3246 2071 3277 cre-

124 3308 276 3381 scono
303 3330 329 3364 e
355 3309 538 3367 calano
566 3333 597 3365 a
623 3306 856 3385 migliajo
887 3328 899 3363 ι
945 3313 1128 3386 Aquas
1156 3307 1349 3364 scilicet
1388 3306 1638 3382 Januario
1662 3302 1850 3362 Mense
1894 3304 1946 3356 in
1975 3305 2070 3367 ime

1762 3405 1767 3411 ¹
1854 3398 1997 3436 men-
