2643 4060
550 215 1053 291 M1st
1162 211 1677 290 NOTls.
1900 243 1977 311 31

129 370 268 429 chae
293 383 478 421 omnes
518 383 652 438 quae
684 364 771 420 vel
797 378 995 436 parvae
1026 358 1171 430 sunt,
1209 362 1297 418 vel
1324 361 1576 417 mediocri
1604 362 1970 436 magnitudine
1988 404 2003 434 ,
2030 367 2082 419 8<

135 449 341 515 laeveS,
379 445 587 517 citoque
616 444 675 497 in
704 442 849 496 Mari
877 479 893 508 ,
934 454 991 492 ut
1021 441 1283 496 Graecum
1310 440 1415 495 fert
1438 457 1664 512 ¹etymon
1692 480 1708 510 ,
1749 441 2079 498 adolescunt.

132 525 353 580 Tellina
380 522 509 576 haec
554 520 704 576 valde
735 517 913 574 fimilis
940 515 1013 571 est
1045 519 1292 592 vulgatae
1326 520 1465 573 illius
1499 521 1675 574 ‘altera
1699 536 1851 592 parte
1877 521 2080 595 longio-

135 604 236 670 riS,
273 598 473 672 saporis
499 599 850 672 gratissimae,
877 597 927 649 8<
952 594 1018 649 ad
1046 596 1279 669 Opsonia
1308 596 1541 669 paranda
1567 597 1891 667 aptissimae,
1920 617 2084 670 quam

133 678 363 746 Veneti,
393 676 582 730 &Itali
609 676 718 731 fere
740 693 924 730 omnes
951 671 1060 722 κατ’
1079 672 1253 739 ἐξοχὴ
1276 675 1550 729 Tellinam
1582 674 1878 745 appellant.
1925 679 2082 731 Hanc

131 754 304 814 fasciis
334 754 432 808 suis
469 753 594 808 satis
621 770 742 827 apte
773 753 1027 808 cuderunt
1056 756 1266 826 Operae
1299 750 1531 819 nostrae,
1558 752 1639 803 ,uti
1669 752 1847 809 videre
1875 754 1948 809 est
1975 758 2082 810 Ta-

126 834 253 889 bula
279 835 380 887 111.
425 831 591 905 figura
613 834 707 884 IV.
753 830 841 885 sub
868 832 1048 886 littera
1080 835 1148 885 A.
1192 829 1291 886 Sed
1318 848 1439 884 eam
1466 831 1732 902 inteiligas
1762 831 1929 885 velim
1976 851 2083 889 ma-

130 913 207 987 gis
236 909 630 983 complanatam
654 949 670 979 ,
713 926 769 965 ut
800 911 855 966 in
883 909 1072 964 Titulo
1094 907 1432 983 exposuimus
1458 947 1474 977 ,
1516 908 1598 962 cui
1624 908 1787 963 modo
1826 910 1902 963 nil
1930 909 2085 963 adde-

133 1008 190 1045 re
233 989 423 1044 refert.

209 1069 282 1120 ΙΙ.
328 1066 472 1122 Huic
503 1065 748 1121 Tellinae
791 1066 896 1121 alia
923 1064 995 1123 est
1032 1066 1197 1119 affinis
1239 1066 1295 1119 in
1336 1065 1542 1118 Littore
1571 1063 1744 1117 nostro
1783 1082 1890 1117 non
1926 1062 2087 1119 infre-

140 1162 334 1219 quenS,
377 1143 462 1197 led
489 1144 693 1211 minor,
735 1143 904 1199 altera
929 1160 1080 1216 parte
1110 1145 1346 1214 longior,
1389 1143 1438 1193 8(
1462 1141 1716 1212 punicea.

210 1225 312 1275 III.
355 1225 566 1295 Longus
592 1222 752 1274 nimis
780 1223 937 1276 effem
976 1221 1013 1273 si
1041 1221 1160 1273 heic
1185 1219 1425 1273 Tellinas
1452 1219 1655 1272 omneis
1698 1235 1823 1292 quas
1851 1217 2086 1274 summit-

135 1300 206 1354 tit
235 1297 465 1352 nostrum
481 1300 669 1366 Mare,
698 1299 897 1353 vellem
923 1298 1148 1352 referre.
1193 1299 1347 1351 Nam
1373 1312 1586 1370 praeter
1604 1298 1881 1352 Tellinam
1907 1297 2085 1354 fascia-

132 1392 248 1432 tam
274 1375 500 1431 nostram
518 1415 534 1444 ,
575 1377 623 1428 8<
652 1373 921 1449 globosam
948 1376 1099 1429 illam
1127 1375 1466 1442 Rondeletii,
1490 1376 1546 1428 J&
1575 1391 1786 1448 praeter
1815 1374 1940 1428 duas
1964 1375 2084 1429 illas

132 1455 307 1510 altera
334 1470 482 1525 parte
509 1453 768 1526 longiores
810 1473 936 1525 quas
964 1454 1294 1520 memoravi,
1334 1455 1674 1506 innumerum
1699 1452 1812 1507 fere
1841 1452 1912 1507 est
1944 1451 2084 1525 apud

133 1549 228 1585 nos
258 1531 596 1585 Tellinarum
622 1549 812 1604 genUS,
852 1530 1162 1604 praesertim
1190 1529 1227 1582 fi
1255 1528 1320 1583 ad
1350 1548 1468 1596 eaS,
1510 1529 1755 1583 Conchas
1784 1531 1977 1584 multas
2008 1530 2082 1583 bi-

133 1608 318 1664 valvas
336 1647 352 1677 ,
379 1623 437 1662 ut
464 1607 642 1678 ajunt,
669 1615 1006 1678 revocemus,
1048 1625 1104 1662 ut
1135 1605 1251 1662 sunt
1265 1606 1520 1662 Conchae
1547 1607 1670 1662 illae
1698 1606 1945 1679 pulchrae
1973 1625 2086 1661 ma-

139 1685 301 1758 joreS,
329 1684 489 1740 craffa
516 1685 801 1740 admodum
830 1687 992 1742 Testa
1020 1683 1222 1754 dictae,
1254 1684 1570 1739 &Conchae
1586 1685 1931 1753 Clathratae,
1956 1687 2084 1754 My-

133 1765 272 1832 tuli,
314 1764 364 1816 8<
404 1763 506 1817 alia
548 1763 600 1816 id
628 1782 790 1837 genus
820 1782 836 1833 3
881 1763 1191 1818 memorabo
1219 1780 1403 1817 tamen
1442 1762 1560 1815 heic
1589 1761 1789 1834 aliquas
1826 1779 1983 1834 prout
2024 1763 2083 1815 in

133 1858 376 1895 mentem
407 1842 656 1894 venerint
685 1882 698 1895 .
742 1844 827 1896 Ac
854 1843 1031 1914 primo
1057 1841 1171 1894 loco
1210 1840 1350 1912 apud
1374 1858 1466 1893 nos
1497 1839 1712 1893 Tellina
1740 1837 1811 1893 est
1841 1840 2084 1912 frequen-

132 1918 357 1986 tissima,
398 1918 448 1970 8<
475 1918 750 1990 gratissimi
778 1917 998 1990 saporiS,
1041 1938 1174 1990 quae
1205 1919 1270 1972 ad
1296 1916 1508 1988 opsonia
1534 1915 1767 1987 paranda
1791 1915 1903 1988 post
1929 1918 2082 1970 illam

138 1996 307 2052 altera
351 2010 501 2068 parte
544 1996 837 2068 longiorem
879 1992 1163 2050 secundum
1204 1995 1379 2046 locum
1419 1994 1611 2047 merito
1640 1993 1845 2048 obtinet
1872 2034 1885 2047 .
1930 1997 2081 2048 Haec

131 2073 350 2148 pulchre
378 2073 654 2146 variegata
670 2071 909 2127 estlineis
934 2072 1195 2146 jugiterin
1211 2069 1260 2125 se
1283 2072 1530 2139 reflexi&
1560 2070 1646 2125 seu
1676 2071 1893 2143 rugosis·
1926 2074 2083 2126 Hanc

137 2150 300 2224 vulgo
327 2148 483 2205 nostri
504 2152 831 2206 ‘Paveraccia
873 2149 1144 2222 appellant
1171 2187 1187 2215 ,
1228 2149 1310 2201 cui
1340 2149 1540 2201 recenti
1582 2149 1823 2202 inhaeret
1855 2148 2081 2220 plerum-

133 2247 237 2302 que
270 2229 452 2281 Vrtica
480 2227 742 2299 quaedam
772 2228 979 2281 marina
1009 2227 1211 2292 minor,
1240 2243 1402 2297 quam
1416 2225 1663 2280 Podicem
1693 2227 1957 2280 marinum
1987 2225 2084 2278 mi-

131 2324 350 2373 norem,
379 2301 603 2359 sefflone
635 2305 794 2360 tertia
809 2305 1069 2359 dicemus.
1110 2302 1375 2356 Posthanc
1405 2303 1551 2355 venit
1580 2304 1795 2357 Tellina
1826 2304 1931 2357 alia
1960 2303 2083 2357 huic

131 2383 288 2439 valde
320 2382 529 2450 fimih‘s,
560 2381 645 2436 sed
673 2381 868 2453 major,
911 2380 1183 2435 candidior
1209 2400 1268 2435 ac
1295 2398 1429 2451 pene
1455 2377 1654 2434 lafflea.
1699 2383 1855 2433 Hanc
1870 2383 2086 2452 Pisciot-

133 2478 191 2514 ta
225 2478 450 2527 vocant,
492 2459 629 2533 quod
658 2459 770 2514 loco
799 2460 990 2514 Carnis
1016 2458 1186 2512 multo
1214 2458 1436 2510 humore
1467 2457 1526 2510 fit
1553 2457 1782 2527 referta,
1806 2477 1987 2513 macra
2010 2457 2082 2513 est

134 2539 185 2590 8<
213 2540 385 2591 minus
407 2538 546 2610 grati
574 2536 796 2611 saporis.
841 2538 986 2591 Huic
1015 2537 1180 2591 affinis
1209 2555 1312 2609 quo
1329 2534 1393 2589 ad
1417 2535 1843 2608 magnitudinem
1866 2535 1940 2590 vest
1958 2535 2085 2589 Tel-

132 2615 245 2669 lina
287 2614 375 2670 seu
404 2616 626 2672 Concha
651 2614 866 2670 fasciata
892 2614 1230 2682 Rondeletii,
1276 2613 1338 2667 de
1366 2632 1470 2686 qua
1494 2612 1649 2686 supra
1667 2653 1682 2681 ,
1723 2632 1884 2687 quam
1911 2619 2081 2667 Pave-

132 2694 304 2746 raccia
334 2690 638 2746 Cavallina
665 2693 781 2748 heic
804 2694 970 2765 aliqui
1000 2708 1227 2761 vocant,
1270 2692 1440 2744 minus
1466 2693 1606 2764 grati
1634 2694 1825 2764 iaporis
1865 2692 1913 2743 8<
1944 2689 2084 2763 ipsa,

133 2771 381 2847 quamvis
408 2771 543 2825 facie
587 2788 803 2844 propter
839 2772 1011 2825 varios
1039 2771 1235 2824 colores
1260 2788 1363 2822 non
1391 2770 1665 2841 ignobilis.
1711 2768 1932 2822 Concha
1955 2766 2081 2821 cras-

132 2850 188 2906 sa
221 2848 506 2902 admodum
533 2848 693 2903 Testa
720 2846 858 2903 dicta
899 2848 964 2903 ad
993 2849 1232 2903 Tellinas
1261 2866 1468 2919 quoque
1497 2847 1680 2902 referri
1712 2846 1908 2920 potest,
1935 2864 2081 2918 prae-

133 2927 321 2982 sertim
347 2947 529 2982 earum
559 2929 789 2981 minores
816 2967 832 2995 ,
872 2934 1001 2999 quas
1042 2924 1217 2979 nescio
1259 2943 1325 2978 an
1368 2924 1596 2991 ejusdem
1637 2926 1841 2996 generis
1883 2923 1980 2976 sint
2023 2941 2082 2976 ac

136 3005 390 3076 majoreS.
437 3007 514 3059 Os
555 3007 763 3060 interne
805 3004 1191 3058 denticulatum
1231 3002 1431 3055 habent
1461 3042 1476 3070 ,
1518 3003 1568 3054 8<
1610 2999 1919 3054 exstrinsece
1964 2997 2082 3054 sunt

136 3083 346 3157 pulchri
375 3086 611 3139 flammei
639 3083 849 3137 coloriS.
876 3082 1101 3137 Concha
1130 3082 1328 3154 pariter
1345 3078 1628 3134 Clathrata
1659 3079 1781 3131 licet
1807 3079 2080 3146 maxima,

137 3163 187 3215 8<
214 3162 352 3234 apud
384 3180 475 3215 nos
516 3180 666 3230 rara,
708 3161 771 3215 ad
802 3161 1040 3215 Tellinas
1083 3160 1153 3215 est
1180 3158 1469 3213 revocanda
1495 3197 1507 3210 .
1552 3156 1752 3211 Glabra
1778 3158 1922 3210 enim
1963 3154 2036 3208 est
2061 3195 2080 3224 ,

141 3254 200 3292 ut
233 3240 296 3294 ad
314 3239 524 3294 Ostreas
545 3281 559 3309 ,
588 3240 674 3294 vel
702 3240 967 3308 ChamaS,
1010 3235 1346 3309 I’efflnesque
1376 3254 1479 3290 non
1505 3234 1653 3307 poffit
1684 3233 1893 3289 referri.
1938 3234 2080 3286 Con-

142 3317 240 3373 cha
266 3317 472 3391 insuper
512 3322 821 3392 Tetragona
863 3315 951 3374 seu
989 3315 1319 3376 Naviculam
1361 3313 1589 3372 referens
1613 3353 1630 3386 ,
1672 3332 1806 3388 quae
1848 3310 2077 3443 pulchris

1875 3405 2003 3442 meis
