2643 4060
556 234 1054 312 M1st
1166 232 1673 313 NoT1S.
1904 248 1979 327 25·

220 393 296 446 11.
339 386 484 446 Huic
513 387 737 440 Buccino
778 380 943 437 affinis
979 380 1050 434 est
1090 383 1193 438 alia
1220 384 1380 439 Testa
1419 384 1544 440 licet
1572 384 1635 438 ad
1664 381 1927 438 Turbines
1968 391 2080 440 ma-‘

140 471 222 546 'gis
253 467 495 533 accedat,
536 482 694 536 quarn
735 464 790 514 P.
819 461 1113 514 Bonannius
1156 461 1244 515 sub
1284 465 1456 516 num.⁰
1489 482 1610 533 143.
1659 459 1762 534 (a)
1804 462 2080 519 adumbra-

145 550 261 615 vit,
303 544 438 598 fulvi
465 543 650 595 coloris
691 541 740 592 8<
767 536 1032 592 insolitam
1059 541 1155 594 effe
1184 541 1321 594 dixit
1349 581 1362 593 .
1407 540 1578 610 Hujus
1604 541 1861 611 elegantis
1889 540 2080 595 Testae

141 621 452 694 exemplum
482 620 690 672 unicum
718 617 888 671 habeo
929 617 984 667 in
1010 618 1214 672 Littore
1242 617 1412 671 nostro
1446 632 1716 688 repertum
1744 658 1756 671 .
1804 620 1947 670 Tota
1975 621 2078 672 Te-

144 699 219 755 sta
263 698 542 754 reticulata
570 696 671 765 est,
713 694 801 750 seu
828 693 1036 762 striata,
1078 694 1162 749 sed
1189 695 1339 749 striae
1381 695 1437 749 in
1463 694 1850 767 longitudinem
1878 694 2080 767 disposi-

139 793 231 833 tae
260 775 491 851 prostant
520 776 687 847 magis
729 775 778 827 8<
819 773 1042 825 rariores
1086 771 1200 826 sunt
1228 813 1244 841 ,
1284 789 1447 845 quam
1486 791 1619 844 quae
1662 773 1716 826 in
1757 773 2034 828 latitudine
2062 813 2077 828 .

146 855 507 909 Pulcherri-mo
547 852 693 904 fulvo
735 851 910 905 colore
953 870 1073 903 cum
1115 851 1234 904 albo
1276 849 1516 903 admixto
1557 849 1793 921 splendet
1836 850 2082 906 universa

141 932 305 988 Testa
332 972 345 985 .
389 928 631 984 Describi
658 928 853 1001 potest,
894 943 950 981 ut
980 928 1236 996 arbitror,
1263 946 1367 981 non
1392 928 1599 1000 inepte:
1648 930 1933 981 Buccinum
1976 947 2083 980 me-

146 1009 294 1063 dium
338 1008 403 1061 ad
443 1007 744 1060 Turbinem
787 1006 1032 1060 accedens
1072 1006 1128 1057 in
1169 1005 1506 1059 latitudinem
1535 1045 1552 1072 ,
1605 1005 1653 1057 8<
1695 1003 2084 1077 longitudinem

138 1086 410 1154 (hiatum,
438 1083 526 1138 seu
562 1085 931 1153 reticulatum,
962 1083 1096 1138 fulvi
1125 1083 1310 1137 coloris
1342 1101 1463 1135 cum
1492 1083 1612 1135 albo
1637 1083 1923 1152 permixti.

583 1324 643 1390 C
699 1322 785 1391 A
840 1322 901 1388 P
971 1320 1038 1386 V
1090 1318 1155 1388 T
1264 1319 1626 1388 XVIIII.

142 1473 535 1528 DENTALES
598 1483 728 1523 SEV
774 1470 1114 1521 ANTALES
1180 1480 1448 1519 MINIMI
1515 1479 1780 1521 GLABRI
1826 1469 2081 1521 LITTo-

861 1558 971 1601 ΜΞ
1018 1545 1366 1599 ARIMINI.

142 1703 187 1759 Ι,
445 1704 548 1756 ΟΝ
581 1701 718 1774 quod
747 1703 987 1775 ignotum
1014 1699 1076 1753 fit
1106 1700 1243 1776 apud
1271 1699 1518 1754 Eruditos
1553 1698 1652 1753 hoc
1680 1699 1871 1756 Testae
1897 1712 2089 1775 genus5

223 1707 425 1888 N
469 1798 589 1834 eam
615 1780 734 1833 heic
765 1779 968 1846 refero,
1011 1776 1098 1832 sed
1132 1795 1188 1831 ut
1217 1779 1398 1831 Idiotis
1425 1776 1691 1831 ostendam
1721 1798 1901 1851 corpus
1932 1779 2083 1832 mari-

468 1876 596 1909 num
639 1857 736 1915 effe
777 1857 829 1910 id
870 1856 1007 1929 quod
1048 1857 1102 1908 in
1129 1857 1395 1909 montibus
1438 1856 1699 1927 reperitur
1725 1894 1741 1919 ‚
1781 1858 1831 1907 8<
1871 1858 2086 1909 nomine

142 1934 579 1989 Canaliculorum
608 1934 1075 2005 Sympathicorum
1103 1950 1326 1998 vocant,
1368 1948 1529 2002 atque
1573 1951 1602 1984 a
1632 1932 1942 2002 quibusdam
1969 1936 2087 1986 Me-

143 2013 270 2066 dicis
297 2010 475 2064 nostris
518 2009 637 2063 satis
678 2009 979 2084 vulgaribus
1023 2008 1237 2081 quidem
1276 2027 1372 2082 pro
1398 2009 1633 2063 remedio
1661 2010 1846 2083 infigni
1889 2009 1952 2063 ad
1981 2013 2090 2062 An-

145 2092 328 2164 ginam
355 2087 636 2142 arcendam
661 2089 711 2140 8<
741 2087 1027 2142 curandam
1057 2086 1388 2158 praedicatur
1416 2126 1433 2154 ,
1488 2087 1524 2138 si
1555 2088 1797 2140 Amuleti
1827 2087 1983 2140 instar
2024 2086 2089 2140 ad

145 2168 343 2221 collum
389 2164 675 2239 appensum
716 2165 946 2240 gestetur
973 2204 986 2217 .
1033 2163 1253 2218 Concha
1297 2165 1441 2218 enim
1483 2166 1686 2217 marina
1727 2164 2089 2236 vulgatissima

145 2244 252 2311 est,
293 2263 426 2315 quae
455 2242 748 2314 petrefac‘ta
777 2283 793 2311 ‚
834 2244 920 2296 vel
961 2244 1015 2294 in
1044 2241 1177 2295 statu
1204 2242 1434 2294 naturali
1476 2240 1781 2295 conservata
1810 2243 1863 2294 in
1892 2243 2091 2296 Monti-

144 2322 238 2375 bus
269 2320 377 2374 fere
406 2320 648 2373 omnibus
676 2321 947 2375 invenitur
974 2359 986 2371 .
1033 2317 1194 2388 Cujus
1222 2318 1530 2389 exemplum
1571 2318 1695 2371 licet
1736 2320 1952 2371 minoris
1984 2338 2089 2372 mo-

144 2399 209 2455 lis
239 2437 255 2466 ,
295 2396 381 2452 sed
410 2413 590 2451 tamen
621 2397 848 2468 ejusdem
878 2396 1067 2469 speciei
1110 2413 1255 2448 mare
1284 2395 1514 2447 nostrum
1557 2397 1723 2448 etiam
1766 2393 2090 2467 suppeditat,

146 2477 226 2530 uti
256 2493 467 2530 cernere
497 2473 568 2528 est
597 2475 650 2526 in
675 2473 887 2528 Tabula
915 2477 985 2526 II.
1031 2471 1195 2545 figura
1224 2472 1411 2526 itidem
1427 2475 1497 2524 IL
1527 2469 1616 2525 sub
1645 2473 1832 2525 litteris
1859 2476 1915 2525 Β.
1933 2475 2001 2526 Α.
2020 2477 2084 2527 C.

146 2553 397 2608 Dentalis
428 2552 516 2607 vel
535 2552 747 2605 Antalis
774 2551 1129 2605 communiter
1155 2565 1373 2604 vocatur
1400 2568 1428 2603 a
1452 2551 1799 2622 Scriptoribus
1826 2551 1923 2604 hoc
1952 2553 2090 2605 Con-

150 2630 390 2701 chylium
419 2669 432 2682 .
475 2632 538 2681 In
566 2629 735 2684 nostro
766 2630 911 2682 Mari
953 2626 1262 2701 praesertim
1306 2627 1371 2681 ad
1397 2628 1577 2680 littora
1605 2627 1866 2696 Histriae,
1906 2644 1962 2681 ut
2001 2630 2088 2682 ob-

148 2705 392 2774 servavi,
433 2704 547 2760 sunt
576 2706 680 2778 ejus
707 2707 859 2761 molis
902 2725 1062 2779 quarn
1104 2703 1192 2758 sub
1223 2705 1418 2758 litteris
1447 2707 1487 2756 B
1512 2706 1562 2757 8<
1589 2707 1638 2758 C
1680 2703 2089 2778 repraesentavi-

147 2805 292 2840 mus·
337 2784 437 2838 Sed
464 2800 577 2838 tam
607 2784 685 2837 illi
726 2802 887 2857 quam
915 2783 1071 2837 nostri
1100 2782 1270 2855 glabri
1304 2781 1419 2836 sunt
1445 2800 1653 2850 omnef3,
1696 2785 1744 2835 8<
1770 2802 1872 2836 non
1903 2784 1954 2836 in
1981 2785 2090 2838 lon-

149 2863 448 2939 gitudinem
476 2863 728 2916 excavati
769 2878 825 2915 ut
856 2861 1048 2914 fossiles
1073 2861 1308 2931 plerique
1326 2899 1338 2912 .
1383 2861 1567 2933 Qualis
1595 2860 1654 2912 fit
1685 2859 1932 2912 strucflura
1960 2863 2088 2914 Ani-

148 2942 365 2997 malculi
393 2942 532 2994 intra
560 2939 776 2994 Testam
807 2938 1072 3012 degentis,
1118 2939 1206 2990 An
1234 2938 1448 2989 Cornua
1476 2937 1523 2987 8<
1541 2938 1862 3008 Operculum
1895 2938 2089 2992 habeat

149 3036 208 3074 ut
237 3021 486 3094 pleraque
520 3018 840 3087 Vnivalvia‚
882 3035 1083 3091 nequeo
1125 3014 1297 3070 dicere
1326 3053 1339 3066 .
1383 3015 1583 3068 Vivum
1610 3015 1753 3067 enim
1793 3033 2087 3086 numquam

150 3098 259 3154 vidi
285 3140 298 3154 .

232 3180 304 3230 II.
349 3178 414 3229 In
442 3174 718 3228 Montibus
743 3174 880 3228 circa
914 3172 1219 3226 Ariminum
1247 3169 1425 3241 passim
1457 3170 1791 3241 reperiuntur
1830 3169 2086 3225 Dentales

154 3254 371 3322 foffileS,
412 3252 500 3308 sed
527 3251 837 3325 praesertim
877 3252 931 3306 in
960 3253 1148 3306 Monte
1176 3244 1352 3305 Sanffi
1378 3248 1591 3318 Joannis
1618 3247 1671 3299 in
1700 3248 1940 3303 Galilaea
1970 3265 1986 3318 ς
2031 3263 2085 3304 at

1559 3326 1615 3380 D
1952 3326 2008 3380 in

212 3420 288 3470 (a)
318 3419 624 3469 Bonam-‚Olafi
638 3420 709 3458 ΙΙΙ.
723 3432 822 3458 amm.
840 3430 923 3469 143.
946 3417 994 3459 Εἰ)
1007 3419 1094 3456 Par.
1113 3418 1162 3455 II.
1178 3425 1269 3467 [ag.
1285 3426 1368 3466 203·
1388 3412 1480 3452 edit.
1493 3412 1580 3463 *³2²4-
1602 3413 1742 3452 Romae
1763 3410 1874 3451 1631.
