2643 4060
624 210 708 271 62
1023 196 1964 277 SPECIMEN

628 343 834 418 Pedes
870 341 1148 445 singulis
1178 341 1370 413 horis>
1397 399 1413 416 .
1468 344 1586 416 Sed
1629 345 1790 417 haec
1826 372 1926 417 res
1963 345 2054 418 est
2097 347 2478 422 admodum,

625 452 923 539 incerta,
976 449 1161 547 quod
1196 449 1417 519 Littus
1453 450 1664 521 modo
1694 456 2075 543 elevatum,
2112 453 2326 524 modo
2360 456 2471 524 de‘

623 558 921 653 pressum
948 554 1090 643 est,
1145 552 1473 654 quoniam
1530 553 1805 658 fingulis
1844 556 2165 628 Procellis
2202 558 2477 648 variatff,

626 680 702 730 ut
728 659 945 730 modo
974 661 1234 749 altum,
1288 656 1561 728 modo
1543 686 1764 731 imum
1796 661 2146 732 videatur.

1023 831 1985 888 SCHOLJVM,

706 972 939 1027 Voniam
981 972 1036 1024 in
1064 970 1399 1026 Praefatione
1431 971 1664 1026 diximus
1704 992 1797 1027 nos
1836 974 2036 1047 fingula
2074 974 2245 1028 Maris
2286 986 2483 1028 eventa

525 973 692 1142 Q
732 1048 1028 1119 adnotasse,
1069 1049 1284 1122 lingulis
1310 1049 1453 1104 horis
1482 1051 1797 1105 notabamus
1826 1053 1990 1106 etiam
2034 1067 2294 1126 quantum
2321 1054 2480 1106 Mare

741 1128 1012 1185 accederet
1051 1127 1118 1183 ad
1145 1128 1319 1182 Littus
1347 1168 1364 1197 ,
1405 1128 1491 1184 vel
1520 1128 1585 1183 ab
1614 1127 1724 1201 ipso
1753 1128 2025 1186 recederet
2053 1170 2070 1200 ,
2111 1147 2390 1203 propterea
2432 1129 2483 1182 δε

520 1207 662 1263 hanc
691 1207 1103 1282 Propofitionem
1131 1205 1248 1261 heic
1276 1205 1599 1261 addidimus:
1635 1210 1792 1263 Mare
1821 1206 2016 1263 scilicet
2045 1208 2279 1262 nostrum
2316 1206 2490 1279 fingu==

522 1285 588 1340 lis
618 1285 763 1340 horis
805 1286 988 1341 decem
1014 1284 1230 1359 pedibus
1272 1283 1337 1338 ad
1377 1286 1552 1338 Littus
1594 1286 1651 1339 in
1683 1287 1863 1340 Fluxu
1902 1286 2179 1354 accedere,
2219 1287 2353 1341 item
2396 1284 2487 1337 dee

522 1382 642 1420 cem
675 1364 892 1435 pedibus
934 1365 989 1417 in
1017 1366 1255 1417 Refluxu
1294 1361 1541 1416 recedere
1572 1403 1585 1416 .
1628 1366 1692 1417 In
1719 1362 1853 1418 saltn
1894 1379 2077 1418 tamen
2118 1363 2212 1416 illo
2237 1402 2254 1431 ,
2295 1362 2386 1434 qui
2427 1362 2484 1415 in

522 1440 703 1496 medio
745 1440 989 1513 cujusque
1031 1441 1232 1493 Fluxus
1259 1476 1280 1506 ,
1318 1440 1405 1492 vel
1432 1441 1697 1492 Refluxus-
1716 1441 2011 1513 contingit,
2053 1456 2181 1493 tunc
2222 1438 2441 1494 acceffus
2467 1477 2485 1506 ,

526 1518 623 1574 vel
652 1517 868 1573 receffus
896 1519 1121 1592 triginta
1146 1514 1364 1589 pedibus
1391 1516 1694 1572 continetur
1721 1557 1734 1570 .
1778 1518 2040 1573 Ceterum
2066 1516 2199 1571 haec
2239 1534 2375 1589 quae
2418 1514 2487 1569 ad:

527 1595 786 1652 accessum
826 1596 1149 1652 receffumve
1177 1595 1449 1667 pertinent
1476 1595 1682 1651 incerta
1707 1593 1825 1651 sunt
1853 1595 2034 1650 omnia
2061 1635 2077 1664 ,
2119 1613 2284 1668 quum
2311 1594 2491 1648 Littus

524 1676 807 1731 Marinum
832 1713 849 1744 ,
890 1673 1031 1747 quod
1070 1672 1210 1746 apud
1239 1691 1331 1726 nos
1372 1671 1650 1727 arenosum
1679 1672 1752 1728 est
1777 1713 1794 1743 ‚
1834 1673 2046 1748 singulis
2085 1673 2334 1728 Procellis
2375 1689 2488 1726 mu-

527 1769 709 1820 tetur,
748 1768 806 1806 ut
836 1752 994 1807 modo
1019 1750 1242 1805 sublime
1262 1790 1279 1820 ,
1320 1750 1477 1806 modo
1503 1750 1823 1826 profundum
1851 1751 2098 1807 videatur
2125 1791 2139 1805 .
2182 1749 2382 1805 Addidi
2411 1766 2492 1804 ta*

526 1849 656 1887 men
685 1831 823 1885 hanc
852 1831 1267 1904 Propofitionem
1296 1869 1312 1899 ,
1358 1831 1483 1903 quia
1523 1829 1684 1904 vulgo
1712 1829 1963 1885 nostrates
2005 1849 2073 1885 ex
2115 1827 2210 1883 isto
2250 1827 2445 1883 recessu
2471 1867 2491 1897 5

528 1910 695 1962 maris
724 1908 921 1963 aestum
952 1909 1264 1981 plerumque
1292 1907 1607 1980 dijudicant.
1651 1912 1807 1963 Tunc
1834 1909 1977 1964 enirn
2003 1927 2094 1962 ora
2121 1908 2396 1961 maritima
2422 1905 2494 1962 ad

531 1985 782 2039 ducentos
811 1986 1022 2038 circiter
1046 1985 1203 2056 pedes
1233 1987 1384 2054 aquis
1408 1986 1640 2051 nudata,
1680 1987 1730 2035 ὅ(
1753 1997 1868 2038 tota
1895 1984 2044 2037 sulcis
2085 1984 2397 2057 quibusdam
2425 1985 2490 2037 iis

528 2063 585 2116 in
616 2064 743 2116 locis
770 2100 789 2131 ‚
828 2080 859 2116 a
886 2062 1072 2134 quibus
1115 2078 1262 2114 mare
1304 2059 1507 2114 recessit
1546 2074 1734 2114 ornata
1761 2099 1778 2130 ,
1818 2059 1974 2117 suave
2008 2060 2081 2116 est
2122 2079 2242 2115 eam
2269 2060 2496 2134 pedibus

531 2159 819 2215 peragrare
844 2179 861 2210 ,
902 2140 1249 2211 Tellinasque
1277 2139 1454 2192 varias
1481 2139 1531 2192 8<
1558 2138 1768 2194 Solenes
1798 2139 1869 2192 ibi
1898 2136 2122 2212 sepultos
2151 2141 2488 2211 Ca-ncrosque

532 2221 710 2293 legere
729 2258 743 2273 .
788 2220 1069 2275 Praeterea
1098 2215 1386 2290 Propofitio
1411 2216 1544 2272 haec
1588 2217 1729 2271 circa
1755 2215 2006 2272 recessum
2049 2216 2371 2272 acceffumve
2400 2234 2494 2270 va»

530 2297 673 2351 rium
703 2296 905 2370 aliquid
933 2296 1168 2351 conferet
1197 2294 1264 2349 ad.
1289 2296 1539 2349 notitiam
1572 2295 1725 2349 illam
1752 2295 1922 2349 Maris
1962 2314 2066 2370 qna
2095 2294 2266 2370 ipsum
2303 2296 2360 2350 in
2387 2294 2491 2352 fine

530 2389 812 2447 tamquam
840 2393 1099 2449 magnum
1129 2373 1418 2429 Fluentum
1445 2373 1914 2430 considerabimus,

832 2513 1910 2594 PROPOSITIO
2016 2515 2167 2585 XI.

532 2660 750 2737 'Venti
798 2660 1090 2733 violenti
1126 2660 1430 2732 efficiunt
1459 2658 1732 2761 quidem
1765 2717 1785 2754 ‚
1837 2677 1917 2746 ut
1949 2687 2141 2732 mare
2185 2653 2486 2732 multum

639 2765 926 2839 fluctuet
951 2822 975 2859 ,,
1025 2765 1094 2840 ὅτ
1128 2767 1210 2837 ad
1243 2767 1463 2838 Littus
1492 2767 1711 2868 magis
1748 2766 2189 2858 extendatur,
2222 2792 2497 2836 verum-e

639 2892 871 2943 tamen
909 2898 1051 2941 non-
1087 2871 1390 2942 efficiunt
1445 2890 1522 2942 ut
1570 2871 1872 2942 multum
1916 2871 2257 2942 rationem
2301 2870 2488 2939 suam

640 2993 864 3047 mutet
903 2975 1126 3078 quoad
1164 2975 1656 3068 elevati-onem,
1710 2974 1779 3050 ἃ
1817 2974 2091 3074 depreff
2099 2999 2302 3045 onem
2335 2999 2490 3072 pro

640 3101 720 3152 ut
754 3080 887 3153 fert
925 3082 1127 3152 status
1153 3084 1377 3152 Lunae
1414 3135 1434 3171 ,
1487 3081 1593 3151 cui
1631 3032 2066 3181 obsequitur.
2123 3077 2369 3150 Auster
2394 3098 2489 3153 ta-

644 3204 858 3279 men,
910 3180 1290 3259 Vulturnus
1334 3184 1402 3259 ὅ(
1444 3181 1840 3256 Subsolanus
1877 3212 2066 3257 mare
2108 3184 2490 3284 aliquantur-²

645 3290 795 3360 lum
825 3292 972 3364 heic
1006 3291 1291 3384 inflant,
1344 3308 1420 3362 ut
1449 3291 1667 3394 magis
1702 3310 1998 3386 tumeat,
2051 3288 2120 3365 ἃ
2148 3289 2491 3361 ascendat

2275 3393 2430 3458 Aqni=
