2643 4060
219 797 1998 1012 PRAEFATIO*

329 1104 585 1162 Nvisenti
628 1105 762 1160 mihi
804 1103 1179 1178 saepenumero
1206 1102 1552 1175 superioribus
1591 1103 1739 1157 annis
1783 1106 1940 1159 Mare
1969 1106 2088 1157 Por-

357 1201 578 1255 tumque
622 1184 859 1236 Arimini
886 1222 903 1251 ,
957 1198 1014 1234 ut
1057 1180 1197 1234 statis
1252 1180 1576 1254 temporibus
1628 1182 1856 1236 rationes
1899 1180 2087 1235 Aestus

357 1262 550 1315 marini
578 1259 976 1334 cognoscerem,
1004 1260 1052 1311 8<
1080 1277 1200 1312 cum
1215 1258 1345 1312 Solis
1373 1262 1661 1331 Lunaeque
1688 1260 1918 1313 motibus
1946 1279 2085 1313 com-

134 1104 310 1409 Ι
357 1357 653 1413 ponerem,
693 1355 853 1410 atque
881 1336 1143 1391 subcisivis
1172 1338 1312 1391 horis
1354 1353 1526 1391 totam
1567 1355 1718 1390 oram
1746 1339 2082 1391 maritimam

354 1416 688 1490 perlustranti
717 1416 1053 1503 frequenter,
1093 1432 1150 1469 ut
1191 1414 1407 1470 laxandi
1436 1415 1602 1469 animi
1631 1416 1803 1488 gratia
1832 1414 2083 1469 Conchas

129 1497 302 1554 varias
330 1496 726 1567 Vmbilicosque
756 1494 987 1548 marinos
1014 1493 1405 1566 contemplarer
1429 1531 1446 1561 ,
1488 1493 1793 1565 colligerem
1822 1533 1838 1560 ,
1881 1512 2084 1548 meum-

128 1593 232 1648 que
262 1576 315 1627 in
331 1571 669 1627 Musaeolum
698 1570 1058 1645 asportarem,
1087 1571 1276 1625 accidit
1305 1570 1424 1626 sane
1453 1587 1510 1624 ut
1541 1570 1759 1642 majores
1786 1571 2083 1644 progressus

129 1650 270 1708 hisce
299 1652 354 1705 in
380 1650 532 1705 rebus
558 1651 791 1705 facerem
818 1690 834 1719 ,
876 1668 1004 1723 quas
1030 1648 1252 1704 secundo
1280 1649 1426 1717 loco,
1466 1649 1517 1701 &
1544 1646 1842 1702 obleetandi
1872 1665 2084 1703 tantum

130 1729 300 1784 animi
329 1728 497 1784 caussa
524 1728 934 1800 conquisieram,
975 1746 1137 1800 quam
1178 1748 1240 1782 ea
1282 1729 1335 1780 in
1378 1746 1464 1792 re,
1509 1745 1644 1799 quae
1676 1727 1879 1813 primo,
1921 1726 2083 1800 longa

127 1806 478 1862 meditatione
508 1845 524 1873 ,
565 1804 772 1873 studio,
813 1805 992 1860 labore
1021 1844 1036 1873 ,
1079 1822 1238 1879 atque
1281 1804 1547 1858 interdum
1592 1806 1856 1877 perpetuis
1884 1805 2082 1878 vigiliis

126 1881 220 1937 diu
244 1879 504 1968 noffluque
545 1900 969 1968 concoqueram.
1013 1884 1138 1938 Nec
1163 1884 1362 1937 mirum
1389 1878 1667 1954 profeclo3
1713 1880 1899 1934 Aestus
1938 1884 2085 1935 enim

127 1960 432 2016 maritimus
458 1975 676 2033 propter
702 1961 1006 2012 innumeras
1043 1977 1104 2013 ac
1131 1960 1282 2013 fimul
1308 1977 1444 2031 pene
1473 1923 1703 2012 dixeriin
1731 1958 2082 2013 inconstantis-

127 2037 284 2092 fimas
310 2055 488 2093 rerum
513 2035 707 2092 cauffas
736 2037 882 2091 torfit
909 2035 1114 2110 semper
1133 2080 1150 2107 ,
1192 2057 1253 2092 ac
1280 2037 1579 2110 torquebit,
1620 2053 1677 2090 ut
1705 2039 1922 2110 opinor,
1964 2037 2082 2090 Phi-

127 2114 470 2189 losophorum
496 2115 779 2171 hominum
806 2115 1048 2188 ingenia.
1093 2119 1273 2191 Quare
1302 2116 1475 2188 primo
1517 2115 1567 2166 8<
1594 2115 1909 2169 luculentius
1938 2114 2079 2169 hisce

127 2191 193 2249 de
233 2194 386 2248 rebus
426 2212 585 2268 agam
614 2234 631 2262 ,
670 2193 855 2248 deinde
897 2192 1039 2265 quafi
1079 2193 1379 2267 appendicis
1409 2193 1523 2246 loco
1567 2191 1786 2246 Aestum
1814 2195 2082 2248 marinum

127 2289 397 2344 exponam
418 2310 431 2324 .
476 2271 539 2324 Id
565 2271 714 2325 videt
739 2268 956 2342 quisque
982 2270 1084 2324 hoc
1110 2270 1366 2344 postulare
1394 2287 1452 2323 ut
1479 2269 1706 2340 faciam,
1748 2286 1861 2324 tum
1903 2289 2083 2325 rerum

127 2347 611 2422 pulcherrimarum
639 2349 846 2420 copiam
873 2386 890 2415 ,
930 2365 1096 2420 quum
1120 2349 1394 2421 praeclara
1421 2349 1652 2400 Inventa
1676 2387 1690 2400 .
1733 2348 1984 2420 Dignitas
2011 2347 2085 2400 sa-

125 2443 196 2481 ne
223 2424 499 2513 poscebat,
540 2442 598 2478 ut
626 2423 689 2479 de
716 2424 808 2478 illo
836 2426 977 2497 prius
1005 2443 1264 2497 agerem,
1304 2441 1360 2478 at
1396 2424 1529 2478 vicit
1567 2425 1643 2479 rei
1672 2424 1880 2479 ubertas
1921 2442 2080 2498 atque

127 2504 752 2580 raritaS.Q1amquam
791 2503 843 2556 8<
857 2500 960 2557 sua
989 2501 1249 2577 dignitate
1291 2521 1398 2556 non
1438 2518 1619 2556 carent
1661 2504 1912 2558 Marinae
1940 2505 2083 2558 Con-

128 2580 300 2650 chae,
336 2599 504 2654 quum
545 2582 595 2634 8<
625 2581 890 2655 elegantia
929 2581 980 2633 8<
1006 2579 1290 2653 praestanti
1319 2579 1410 2634 usu
1450 2581 1505 2632 in
1546 2578 1621 2634 sui
1663 2580 2081 2635 admirationem

127 2654 358 2713 summos
383 2658 538 2712 Viros
575 2656 781 2731 semper
816 2659 867 2711 8<
893 2657 1086 2731 ubique
1115 2659 1423 2728 traxerint,
1463 2653 1523 2712 ut
1563 2655 1693 2713 teste
1735 2659 1922 2713 Tullio
1950 2662 2081 2714 Lae-

129 2735 230 2790 lius
254 2733 360 2809 ipse
402 2736 452 2789 8<
479 2737 650 2809 Scipio
676 2737 933 2809 praeclari
973 2737 1053 2790 illi
1080 2737 1181 2791 duo
1208 2739 1485 2792 Romanae
1516 2736 1863 2809 Reipublicae
1908 2740 2084 2809 Impe-

128 2829 332 2868 ratores
369 2812 434 2868 ad
460 2816 746 2868 Lucrinum
788 2815 838 2867 8<
864 2814 1111 2886 Cajetam
1138 2814 1411 2871 relaxandi
1441 2816 1606 2869 animi
1632 2816 1804 2888 gratia
1835 2816 2081 2868 Concbas

127 2891 182 2944 &
207 2892 496 2946 Vmbilicos
522 2891 697 2966 legere
728 2891 1130 2948 consueviffent.
1167 2894 1484 2970 Qinimmo
1514 2909 1720 2947 veteres
1748 2889 2079 2962 Philosophi,

129 2968 553 3043 excellentesque
582 2972 827 3026 Naturae
854 2968 1162 3028 scrutatores
1190 2971 1496 3026 Aristoteles
1522 3010 1538 3038 ,
1579 2969 1887 3023 Athenaeus
1915 3008 1930 3035 ,
1973 2971 2078 3023 Ae-

128 3046 328 3118 lianuS,
368 3048 595 3119 Plinius,
635 3048 911 3105 Cardanus
938 3090 954 3119 ,
995 3050 1342 3105 Rondeletius
1371 3090 1388 3119 ,
1430 3048 1737 3115 SalvianuS,
1776 3047 2076 3116 Columna,

133 3125 330 3199 aliique
372 3127 552 3202 longas
585 3129 942 3184 enarrationes
981 3127 1043 3183 de
1072 3130 1152 3184 his
1179 3129 1331 3183 rebus
1369 3127 1721 3200 reliquerunt.
1764 3126 1958 3213 Neque
1988 3143 2074 3178 no-

132 3201 245 3257 stris
274 3206 597 3282 temporibus
635 3206 828 3264 harum
866 3224 1048 3264 rerum
1088 3207 1348 3266 deferbuit
1377 3206 1630 3276 studium,
1670 3205 1836 3260 immo
1879 3205 2074 3259 mirum

1387 3284 1441 3338 A
1497 3300 1526 3338 2
1804 3283 1860 3337 in
1887 3300 1997 3336 mo-
