2643 4060
566 205 1686 289 M1stN0T1s.
1910 241 1990 302 41

248 430 1997 564 PARS‘TERTIAi

494 623 1007 697 CAPVT
1099 625 1741 712 PRIMVM.

0 731 47 840 l}
148 774 433 832 VRTICA
462 775 746 829 SoLVTA
786 785 1217 828 MARSVPIVM
1256 785 1630 827 REFERENS
1662 813 1678 841 ,
1723 787 1812 826 ET
1845 788 2096 832 MOTvs

54 858 57 861 ’
236 867 584 909 VITALEIS
638 863 1272 908 MANIFESTISSIME
1322 864 1559 908 EDENs
1618 853 1895 907 MARIS
1943 856 2102 908 Aizi-

232 944 624 988 MINENSIS.

140 1061 192 1129 I.
467 1061 791 1136 Corporibus
820 1063 1038 1118 marinis
1067 1063 1240 1116 minus
1265 1064 1401 1117 notis
1429 1060 1674 1134 quidem,
1701 1058 1787 1114 sed
1812 1059 1953 1114 duris
1980 1077 2097 1132 pro-

229 1067 421 1252 Α
467 1159 586 1215 pter
614 1139 799 1195 Testas
826 1142 875 1193 8(
901 1140 1148 1209 Crustas,
1191 1141 1376 1212 quibus
1403 1140 1743 1206 muniuntur,
1785 1138 1850 1193 ad
1879 1156 1939 1191 ea
1970 1141 2099 1191 Cor-

466 1239 596 1291 pora
627 1219 834 1273 marina
875 1219 1050 1270 minus
1091 1233 1218 1270 nota
1261 1215 1556 1271 sermonem
1586 1215 1815 1271 nostrum
1859 1216 2098 1271 tamdem

127 1298 537 1364 ‚convertimuS‚
566 1313 699 1367 quae
725 1294 971 1350 molliora
1002 1294 1106 1347 dici
1134 1293 1367 1368 possunt,
1405 1310 1686 1367 propterea
1711 1292 1850 1366 quod
1880 1293 1962 1348 vel
1990 1313 2097 1348 mu·

147 1372 266 1430 cosa
292 1374 424 1441 sint,
466 1373 555 1427 vel
584 1371 828 1440 carnosa,
856 1389 947 1426 aut
974 1372 1323 1446 cartilaginea
1347 1413 1364 1443 ‚
1405 1371 1493 1427 sed
1520 1371 1659 1426 nuda
1686 1374 1930 1438 omninO,
1956 1373 2102 1426 omni

148 1450 346 1506 scilicet
372 1449 630 1505 Testaceo
660 1449 1012 1504 Crustaceove
1042 1466 1356 1521 tegumento
1394 1451 1579 1503 orbata
1602 1489 1615 1501 .
1666 1451 1843 1503 Primo
1872 1449 1984 1501 loco
2024 1469 2104 1503 oc-

149 1529 311 1584 currit
339 1528 489 1580 nobis
519 1529 702 1581 Vrtica
728 1527 858 1581 haec
884 1545 1050 1599 parva
1081 1524 1406 1598 marsupium
1451 1525 1680 1580 referens
1705 1567 1721 1595 ,
1763 1546 1865 1599 qua
1907 1525 2101 1580 aestate

151 1609 310 1661 Mare
338 1605 574 1660 nostrum
599 1603 794 1674 scatet,
836 1606 885 1657 8(
914 1604 1112 1658 retibus
1153 1622 1257 1657 una
1287 1623 1406 1657 cum
1436 1602 1659 1658 Piscibus
1703 1623 1733 1658 a
1759 1603 2101 1657 Piscatoribus

151 1685 394 1757 capitur,
433 1682 556 1738 inde
598 1700 780 1736 tamen
809 1698 1028 1755 propter
1071 1698 1313 1737 urentem
1355 1683 1405 1734 8(
1432 1698 1751 1736 venenatam
1792 1681 2105 1736 facultatem

151 1760 434 1834 rejicienda
461 1801 474 1813 .
519 1763 676 1814 Hanc
706 1758 972 1834 depictam
1002 1760 1222 1814 exhibet
1250 1760 1461 1814 Tabula
1489 1762 1586 1812 IV.
1619 1759 1783 1833 figura
1811 1762 1875 1812 V.
1905 1757 1994 1811 sub
2021 1759 2104 1812 lit·

149 1855 266 1896 tera
294 1842 337 1892 F
356 1879 369 1892 .
413 1841 622 1910 Corpus
654 1838 755 1892 hoc
792 1837 861 1891 ad
891 1839 1185 1892 animantia
1212 1837 1544 1892 referendum
1572 1836 1642 1892 est
1685 1854 1800 1891 tum
1831 1838 1952 1908 quia
1980 1856 2104 1890 nan-

150 1916 217 1970 do
243 1933 337 1988 per
365 1933 511 1970 mare
554 1916 714 1987 longe
746 1916 961 1985 lateque
990 1931 1248 1986 vagatur,
1289 1931 1407 1968 tum
1439 1916 1564 1986 quia
1591 1914 1656 1967 ad
1683 1916 1856 1967 Littus
1884 1933 1913 1966 a
1941 1912 2106 1967 Pisca-

147 1994 350 2050 toribus
378 1989 632 2062 rejectum
663 2030 680 2059 ,
721 2006 779 2044 ut
810 1989 961 2062 saepe
990 1990 1100 2044 vidi
1142 2005 1314 2043 motus
1341 1991 1551 2045 vitaleis
1592 1991 1938 2063 palpitatione
1981 2010 2105 2063 qua—

147 2070 275 2127 dam
301 2088 395 2143 per
420 2070 619 2143 plureis
648 2069 802 2121 horas
828 2066 1241 2124 manifestissime
1271 2067 1379 2121 edit
1406 2108 1419 2121 .
1464 2067 1623 2125 Pedes
1663 2069 1822 2123 habet
1850 2084 2105 2141 quatuor,

147 2149 201 2202 8(
227 2150 473 2220 Corpore
506 2145 579 2201 est
606 2144 870 2220 pellucido
897 2146 947 2197 8(
975 2144 1240 2219 splendido
1271 2161 1328 2199 ut
1357 2145 1529 2199 oculos
1556 2146 1772 2200 hebetet
1799 2186 1815 2214 ,
1857 2146 2105 2218 quemad-

152 2224 374 2280 modum
402 2225 639 2296 loquitur
667 2224 1012 2295 Rondeletius
1043 2222 1105 2276 de
1133 2225 1320 2295 quinta
1347 2222 1434 2276 sua
1463 2223 1647 2294 majori
1665 2224 1967 2276 Vrticarum
1999 2222 2104 2295 spe-

134 2305 232 2372 ·cie
268 2343 285 2371 ‚
328 2321 463 2375 quae
506 2302 623 2357 heic
652 2320 858 2374 quoque
901 2301 1145 2373 frequens
1184 2301 1473 2373 reperitur,
1514 2301 1563 2353 8(
1605 2302 1887 2356 vernacula
1928 2301 2107 2373 ling-ua

150 2380 346 2437 eodem
374 2381 516 2453 turpi
542 2382 756 2435 nomine
787 2399 846 2434 ac
873 2378 964 2433 ista
993 2399 1023 2432 a
1049 2377 1229 2432 nostris
1255 2378 1505 2431 donatur.
1536 2381 1688 2433 Haec
1716 2379 1883 2433 Parva
1913 2379 1964 2430 in
1991 2378 2102 2431 fun-

149 2458 218 2512 do
259 2458 523 2531 Marsupii
553 2497 569 2526 ,
610 2457 1056 2531 quemadmodum
1099 2457 1149 2508 8(
1193 2456 1284 2509 illa
1328 2457 1531 2529 Magna
1573 2458 1625 2509 in
1668 2475 1881 2528 corpore
1924 2456 2054 2510 Pilei
2083 2496 2099 2525 ,

151 2537 444 2591 materiam
471 2537 758 2607 quamdam
786 2534 1140 2601 subalbidam,
1168 2534 1218 2586 8(
1246 2534 1468 2588 minime
1496 2533 1812 2606 pellucidam
1840 2535 2102 2604 continet,

153 2631 320 2686 quam
359 2610 622 2667 viscerum
664 2615 778 2666 loco
819 2613 922 2666 istis
966 2609 1290 2684 imperfectis
1319 2613 1694 2667 Animantibus
1735 2612 1832 2666 effe
1875 2613 2059 2684 opinor
2084 2651 2097 2664 .

154 2687 484 2764 ‚Imperfeffla
513 2709 644 2745 voco
684 2691 816 2746 haec
844 2691 1193 2759 Animantia,
1233 2708 1339 2743 non
1368 2689 1505 2762 quod
1534 2691 1665 2744 mihi
1691 2688 1986 2763 persuasum
2013 2691 2100 2742 ha-

152 2769 312 2824 beam
339 2808 356 2837 ‚
398 2784 456 2822 ut
485 2769 672 2841 vulgus
699 2769 1167 2840 Peripateticorum
1214 2767 1368 2821 hodie
1410 2767 1471 2823 de
1501 2766 1705 2821 inseffls
1730 2768 1970 2820 omnibus
1997 2783 2099 2819 tur-

150 2848 299 2921 piter
328 2845 526 2914 credit,
567 2865 597 2899 a
624 2847 766 2918 putri
795 2848 1020 2901 materia
1048 2847 1205 2912 oriri,
1246 2846 1295 2896 8(
1324 2863 1623 2916 comparate
1654 2844 1718 2897 ad
1746 2847 1847 2897 alia
1874 2884 1889 2912 ,
1932 2860 1986 2896 ut
2029 2844 2099 2903 lo,-

150 2939 436 2998 quuntur,
478 2921 873 2996 imperfectiora
915 2923 1012 2978 effe
1057 2941 1066 2973 ε
1129 2925 1278 2976 Haec
1319 2923 1461 2974 enim
1504 2920 1928 2992 Imperfeclionis
1971 2921 2098 2976 Idea

151 3021 318 3075 quam
347 3000 607 3057 exhibent
634 3042 650 3070 ‚
694 3020 774 3055 res
805 3000 877 3055 est
918 2999 1070 3055 valde
1102 2999 1257 3052 dubia
1284 3038 1299 3066 ,
1340 3017 1404 3052 ne
1433 2997 1618 3050 falsam
1646 2998 1817 3051 dicam
1845 2999 2063 3051 omnino
2082 3039 2093 3052 .

150 3081 306 3134 Nam
335 3095 719 3151 praeterquam
746 3077 887 3151 quod
915 3078 1133 3131 Animal
1162 3075 1430 3148 quodlibet
1466 3074 1753 3147 perfeclum
1800 3074 1869 3128 est
1912 3076 1965 3126 in
2008 3074 2095 3129 sua

154 3154 318 3229 specie
339 3155 367 3227 Δ,
408 3156 697 3211 dummodo
724 3156 976 3211 mutilum
1016 3171 1106 3208 aut
1135 3151 1508 3206 monstruosum
1536 3171 1639 3205 non
1668 3153 1728 3206 sit
1756 3169 1773 3221 3
1817 3152 2094 3206 Interdum

156 3251 219 3288 ea
249 3235 591 3290 Animalcula
620 3253 752 3307 quae
782 3230 1092 3306 imperfefla
1123 3231 1394 3296 dicuntur,
1436 3230 1519 3283 vel
1547 3247 1762 3304 propter
1787 3230 2057 3285 oculorum
2076 3271 2092 3299 ,

155 3309 386 3383 Pedum,
426 3312 686 3369 Cordium
725 3312 776 3365 8(
803 3310 1029 3368 aliarum
1058 3327 1235 3370 rerum
1261 3305 1571 3364 structuram
1613 3310 1662 3363 8(
1688 3326 1969 3364 numerum
2011 3327 2090 3362 ce-

1519 3388 1562 3441 F
1884 3384 2006 3438 teris
