2643 4060
526 191 984 270 'AESTUS
1057 191 1714 274 MARITIMI.
1874 208 1976 293 69

153 359 273 398 rum
314 340 730 398 exundationum
772 344 929 396 Mare
967 342 1137 414 potins
1180 344 1511 400 Fluminibus
1538 346 1840 423 obsequitur
1865 387 1882 418 ,
1921 360 2086 423 quam

151 421 433 490 Flumina,
472 436 529 474 ut
554 440 650 495 par
676 437 820 492 erat,
861 420 1006 472 Mari
1032 419 1410 496 obsequantur.

557 578 1487 633 SCHOLJVM
1592 583 1674 635 II.

244 731 308 785 N
333 729 767 786 Praecedentibus
797 729 1022 786 aliorum
1053 731 1523 789 Observationibus
1564 735 1615 788 &
1648 735 1828 792 nostris
1869 738 2085 795 ostendi-

274 827 388 862 mus
414 808 627 881 quidem
655 809 827 880 primo
857 810 969 862 loco
1010 812 1384 867 Hadriaticum
1412 814 1595 867 Sinum
1637 832 1822 872 revera
1851 819 2086 890 Proprie-

147 903 287 941 tates
320 886 531 958 alicujus
563 888 774 940 Fluenti
803 887 996 943 habere
1013 906 1029 957 ‚·
1059 907 1196 943 nunc
1223 908 1349 944 vero
1375 892 1424 945 8(
1452 892 1578 945 alias
1600 891 1950 964 Proprietates
1977 895 2085 966 ejus

148 963 563 1033 declarabimuS,
606 983 739 1037 quae
772 965 1100 1020 Fluminibus
1127 967 1243 1021 sunt
1274 969 1439 1024 veluti
1467 969 1838 1027 Secundariae.
1882 977 1955 1027 Et
1982 973 2085 1027 hae

146 1040 268 1096 sunt
310 1043 472 1097 Alvei
512 1043 760 1097 Elevatio
785 1082 802 1111 ‚
842 1047 1109 1113 MutatiO,
1150 1047 1422 1118 Corrofio,
1464 1048 1682 1100 Alluvio
1706 1087 1719 1100 .
1764 1051 1837 1102 Et
1878 1050 1943 1103 ad
1983 1051 2086 1120 pri-

146 1138 297 1175 mam
324 1121 460 1194 quod
488 1123 681 1176 attinet
706 1120 962 1175 fatebitur
988 1125 1206 1197 quisque
1233 1122 1382 1178 sanus
1422 1127 1471 1177 8(
1498 1127 1552 1177 in
1582 1125 1661 1177 his
1686 1124 1837 1178 rebus
1864 1127 1949 1182 vel
1978 1145 2087 1181 me-

149 1198 399 1254 diocriter
425 1197 602 1252 doftus
641 1201 798 1253 Mare
825 1199 1054 1254 nostrum
1095 1205 1363 1256 elevatum
1402 1202 1501 1256 esse
1543 1203 1596 1254 in
1626 1201 1800 1257 Alveo
1828 1203 1915 1258 suo
1942 1246 1957 1275 ,
2000 1203 2086 1259 seu

146 1276 392 1329 Fundum
419 1276 525 1345 ejus
552 1276 707 1328 modo
736 1276 834 1330 esse
865 1278 1109 1330 altiorem
1152 1296 1313 1350 quam
1339 1278 1499 1334 fuerit
1527 1296 1715 1348 antea,
1756 1281 1911 1355 idque
1938 1299 2085 1357 patet

144 1352 234 1408 vel
262 1373 330 1407 ex
359 1351 568 1406 Cloacis
595 1351 712 1423 ipfis
740 1353 896 1406 Vrbis
922 1354 1123 1410 nostrae
1150 1394 1166 1424 ,
1206 1374 1300 1428 per
1324 1376 1452 1429 quas
1492 1360 1680 1430 Aquae
1721 1360 1771 1411 8(
1809 1361 1990 1415 Sordes
2030 1363 2088 1416 in

142 1432 392 1503 proxima
406 1430 686 1496 Flumina,
727 1430 776 1482 8(
803 1450 899 1503 per
925 1432 1053 1487 haec
1082 1435 1137 1485 in
1162 1436 1320 1488 Mare
1347 1435 1679 1504 defluebant,
1718 1438 1925 1509 quando
1956 1439 2088 1495 Viae

141 1508 301 1561 Vrbis
329 1523 558 1582 quatuor
583 1507 798 1579 pedibus
826 1510 874 1560 8(
901 1510 1125 1582 amplius
1152 1526 1304 1565 erant
1329 1512 1690 1585 profundiores
1718 1552 1733 1581 ,
1775 1534 1937 1587 quam
1978 1535 2086 1569 mo-

140 1585 211 1639 do
238 1586 338 1640 fint
364 1626 379 1655 ,
421 1600 479 1640 ut
521 1585 794 1640 manifesto
827 1586 1179 1660 cognoscimus
1219 1608 1287 1643 ex
1316 1591 1544 1664 antiquis
1570 1591 1810 1645 Silicibus
1833 1614 1862 1648 a
1891 1596 2088 1648 Roma-

143 1666 225 1721 nis
269 1665 323 1718 in
366 1662 648 1718 sternendis
689 1664 788 1718 viis
816 1665 991 1737 positis
1017 1706 1034 1735 ‚
1076 1667 1165 1740 qui
1206 1667 1260 1720 in
1302 1668 1622 1723 exstruendis
1662 1671 1813 1723 novis
1854 1672 2088 1725 Aedibus

140 1743 328 1816 Passim
356 1741 704 1810 effodiuntur,
747 1743 796 1794 8(
826 1762 894 1796 ex
924 1746 1249 1799 Pavimentis
1278 1747 1575 1802 Tessellatis
1596 1762 1839 1802 veterum
1855 1749 2089 1805 Aedium

141 1822 196 1874 8(
224 1822 510 1875 Curiarum
543 1820 698 1873 Vrbis
725 1860 740 1889 ,
782 1839 914 1893 quae
957 1822 1143 1879 itidem
1185 1824 1437 1896 profunde
1465 1823 1666 1897 sepulta
1706 1827 2039 1898 reperiuntur
2063 1846 2083 1897 3

143 1901 363 1953 Tamen
392 1917 527 1952 nunc
557 1900 744 1969 Aquae
774 1900 823 1950 8(
851 1900 1033 1954 Sordes
1063 1901 1217 1954 Vrbis
1247 1904 1342 1956 vix
1369 1921 1464 1972 per
1489 1903 1710 1956 Cloacas
1748 1904 1803 1955 in
1841 1906 2088 1975 proxima

143 1976 398 2030 'Flumina
437 1977 487 2027 8(
514 1977 671 2028 Mare
711 1971 914 2045 possunt
957 1977 1219 2028 confluere
1247 2015 1264 2044 ‚
1306 1991 1364 2028 ut
1396 1977 1528 2030 Vrbs
1555 1995 1876 2052 expurgetur
1904 2019 1919 2049 ,-
1960 1982 2085 2037 licet

149 2069 301 2108 tanto
331 2054 487 2107 altior
514 2048 775 2118 s1tfa‹9ta‚
815 2066 874 2105 ut
917 2053 1049 2107 Viae
1091 2053 1351 2125 plurimae
1379 2055 1534 2108 Vrbis
1573 2075 1898 2130 quacumque
1941 2061 2087 2115 tenui

140 2132 377 2186 fluminis
418 2130 654 2184 Arimini
697 2128 1050 2184 exundatione
1094 2132 1241 2202 aquis
1295 2132 1659 2204 compleantur
1698 2174 1714 2202 ,
1766 2133 2085 2207 praesertim

140 2209 274 2264 duae
316 2208 662 2279 Caudalunga
705 2207 754 2258 8(
794 2207 986 2262 Clodia
1027 2206 1195 2263 dietae
1221 2248 1238 2276 ‚
1280 2228 1413 2281 quae
1454 2209 1818 2281 posterioribus
1858 2215 2085 2270 Saeculis

141 2306 244 2342 una
287 2305 406 2340 cum
437 2286 549 2339 aliis
577 2285 865 2339 minoribus
905 2286 1019 2340 loco
1046 2285 1281 2339 inferiori
1321 2288 1369 2340 8(
1398 2286 1572 2342 versus
1599 2292 1754 2344 Mare
1796 2292 1966 2346 minus
2008 2293 2083 2348 sa·

147 2366 359 2440 pienter
385 2364 517 2417 Vrbi
547 2363 758 2418 fuerunt
788 2361 1017 2434 adjeE'tae
1046 2403 1061 2432 ,
1104 2383 1265 2437 quum
1292 2366 1464 2438 potius
1503 2366 1538 2419 fi
1582 2368 1949 2440 amplificanda
1974 2371 2080 2427 fue-

145 2458 230 2497 rat
257 2442 424 2510 Vrbs,
464 2460 570 2495 non
598 2460 660 2496 eo
686 2442 740 2495 in
765 2442 908 2510 loc0‚
950 2440 1035 2496 sed
1063 2441 1237 2497 versus
1263 2445 1497 2498 Monteis
1523 2444 1773 2500 debuerat
1800 2448 2083 2521 amplifica-

145 2523 192 2575 ri
219 2560 232 2574 .
277 2523 456 2597 Qare
484 2534 632 2591 patet
660 2520 858 2573 acutius
883 2518 1194 2593 prospexisse
1222 2523 1491 2577 Romanos
1528 2524 1584 2577 in
1609 2524 1752 2579 Vrbe
1782 2524 1950 2582 nostra
1991 2547 2080 2582 ex-

140 2598 382 2653 struenda
410 2634 426 2666 ,
467 2615 629 2669 quam
655 2596 884 2651 Posteros
924 2598 980 2651 in
1022 2617 1083 2652 ea
1124 2599 1491 2671 amplificanda
1519 2641 1536 2671 ‚
1576 2621 1740 2674 quum
1768 2601 1932 2675 spatio
1959 2604 2079 2659 duo-

138 2695 259 2732 rum
290 2675 523 2729 millium
549 2692 807 2729 annorum
834 2676 884 2728 8<
910 2676 1133 2748 amplius
1162 2678 1296 2730 Vrbs
1323 2679 1417 2733 illa
1443 2694 1594 2734 vetus
1623 2699 1654 2734 a
1682 2682 1937 2736 Romanis
1961 2702 2078 2738 con-

139 2755 252 2810 dita
278 2772 570 2826 numquam
599 2754 767 2827 Aquis
795 2753 1103 2806 Fluminum
1131 2755 1180 2807 8(
1204 2756 1386 2810 Coeno
1412 2757 1570 2814 fuerit
1598 2758 1873 2831 inquinata
1888 2777 1905 2829 3
1937 2763 2079 2815 Con-

139 2850 225 2888 tra
252 2851 380 2888 vero
408 2833 539 2888 Viae
570 2830 832 2903 adjthae,
871 2832 921 2884 8(
948 2832 1130 2890 Portus
1157 2851 1353 2887 novum
1385 2836 1699 2890 Suburbium
1740 2839 1946 2909 penitus
1987 2840 2076 2893 ho*

70 2968 76 2974 ,
139 2912 224 2966 die
253 2927 594 2985 mergantur,
636 2912 686 2964 8(
713 2925 895 2965 tamen
921 2928 1059 2964 nova
1085 2909 1216 2965 haec
1244 2911 1501 2966 Aedificia
1529 2913 1692 2967 trium
1732 2915 1821 2969 vel
1852 2933 2076 2988 quatuor

140 2990 481 3045 Saeculorum
509 3005 742 3046 aetatem
768 2991 864 3044 vix
892 2987 1135 3062 superant
1162 3028 1175 3041 .
1220 2991 1463 3044 Tantum
1493 3009 1637 3045 mare
1677 2992 1727 3044 8(
1755 2992 1930 3049 vicina
1957 2994 2076 3051 Flu-

143 3069 287 3122 mina
327 3070 382 3121 in
412 3066 587 3122 Alveo
616 3068 703 3122 suo
745 3068 938 3141 jugiter
973 3066 1282 3121 elevantur.
1327 3068 1496 3139 Hujus
1538 3070 1615 3122 rei
1644 3069 1810 3123 caussa
1852 3071 1949 3127 esse
1988 3092 2075 3146 po-

148 3146 247 3201 test
278 3148 490 3215 Arena,
530 3146 725 3201 Glarea
750 3185 766 3215 ,
806 3147 856 3198 8(
881 3148 1079 3199 Lutum
1105 3148 1288 3220 ingens
1314 3186 1330 3215 ,
1370 3165 1502 3219 quae
1544 3147 1600 3200 in
1641 3147 2077 3206 exundationibus

143 3222 318 3277 secum
361 3223 628 3280 advehunt
670 3224 918 3278 Flumina
960 3223 1128 3279 nostra
1154 3264 1169 3295 ,
1221 3243 1353 3296 quae
1394 3226 1557 3278 etiam
1593 3224 1702 3280 levi
1743 3245 2074 3302 quacumque

144 3301 342 3355 Pluvia
382 3321 543 3358 coeno
573 3302 781 3359 turbida
824 3318 1076 3378 apparent
1104 3343 1116 3358 .
1161 3301 1457 3361 Observavi
1484 3303 1627 3359 enim
1653 3322 1755 3361 una
1781 3324 1900 3360 cum
1926 3309 2079 3380 Joanj

1792 3407 1858 3446 ne
1887 3387 2007 3452 Ma«⁴
2043 3432 2047 3436 .
